timestamp,price,volume
2025-10-30T00:17:14.148265,99.97,16
2025-10-30T00:17:15.148265,99.94,12
2025-10-30T00:17:16.148265,99.91,111
2025-10-30T00:17:17.148265,99.61,4
2025-10-30T00:17:18.148265,99.57,12
2025-10-30T00:17:19.148265,99.59,35
2025-10-30T00:17:20.148265,99.72,52
2025-10-30T00:17:21.148265,99.74,39
2025-10-30T00:17:22.148265,99.79,82
2025-10-30T00:17:23.148265,100.05,1
2025-10-30T00:17:24.148265,100.16,20
2025-10-30T00:17:25.148265,99.87,8
2025-10-30T00:17:26.148265,100.04,4
2025-10-30T00:17:27.148265,99.99,5
2025-10-30T00:17:28.148265,100.15,82
2025-10-30T00:17:29.148265,99.93,65
2025-10-30T00:17:30.148265,99.41,23
2025-10-30T00:17:31.148265,99.29,40
2025-10-30T00:17:32.148265,99.42,98
2025-10-30T00:17:33.148265,99.18,43
2025-10-30T00:17:34.148265,99.16,12
2025-10-30T00:17:35.148265,99.1,17
2025-10-30T00:17:36.148265,99.23,5
2025-10-30T00:17:37.148265,99.3,16
2025-10-30T00:17:38.148265,99.18,23
2025-10-30T00:17:39.148265,99.04,11
2025-10-30T00:17:40.148265,98.99,52
2025-10-30T00:17:41.148265,99.45,46
2025-10-30T00:17:42.148265,99.6,8
2025-10-30T00:17:43.148265,99.88,23
2025-10-30T00:17:44.148265,100.16,40
2025-10-30T00:17:45.148265,100.14,57
2025-10-30T00:17:46.148265,100.33,13
2025-10-30T00:17:47.148265,100.04,1
2025-10-30T00:17:48.148265,99.98,11
2025-10-30T00:17:49.148265,100.12,143
2025-10-30T00:17:50.148265,100.24,53
2025-10-30T00:17:51.148265,100.12,25
2025-10-30T00:17:52.148265,100.31,15
2025-10-30T00:17:53.148265,100.2,14
2025-10-30T00:17:54.148265,100.06,43
2025-10-30T00:17:55.148265,100.0,114
2025-10-30T00:17:56.148265,99.89,300
2025-10-30T00:17:57.148265,99.97,35
2025-10-30T00:17:58.148265,100.02,5
2025-10-30T00:17:59.148265,100.05,49
2025-10-30T00:18:00.148265,100.1,3
2025-10-30T00:18:01.148265,99.9,24
2025-10-30T00:18:02.148265,100.15,177
2025-10-30T00:18:03.148265,100.14,98
2025-10-30T00:18:04.148265,100.46,57
2025-10-30T00:18:05.148265,100.48,38
2025-10-30T00:18:06.148265,100.45,5
2025-10-30T00:18:07.148265,100.74,28
2025-10-30T00:18:08.148265,100.26,104
2025-10-30T00:18:09.148265,100.4,15
2025-10-30T00:18:10.148265,100.27,121
2025-10-30T00:18:11.148265,100.27,102
2025-10-30T00:18:12.148265,100.18,46
2025-10-30T00:18:13.148265,100.45,8
2025-10-30T00:18:14.148265,100.47,75
2025-10-30T00:18:15.148265,100.22,37
2025-10-30T00:18:16.148265,100.4,1
2025-10-30T00:18:17.148265,100.4,132
2025-10-30T00:18:18.148265,100.67,18
2025-10-30T00:18:19.148265,100.41,2
2025-10-30T00:18:20.148265,100.76,4
2025-10-30T00:18:21.148265,100.42,33
2025-10-30T00:18:22.148265,100.73,72
2025-10-30T00:18:23.148265,100.87,6
2025-10-30T00:18:24.148265,100.62,15
2025-10-30T00:18:25.148265,100.66,102
2025-10-30T00:18:26.148265,100.54,38
2025-10-30T00:18:27.148265,100.6,65
2025-10-30T00:18:28.148265,100.65,266
2025-10-30T00:18:29.148265,100.82,52
2025-10-30T00:18:30.148265,100.59,6
2025-10-30T00:18:31.148265,100.68,12
2025-10-30T00:18:32.148265,100.54,13
2025-10-30T00:18:33.148265,100.77,12
2025-10-30T00:18:34.148265,101.03,12
2025-10-30T00:18:35.148265,101.15,117
2025-10-30T00:18:36.148265,101.2,13
2025-10-30T00:18:37.148265,101.14,55
2025-10-30T00:18:38.148265,101.16,137
2025-10-30T00:18:39.148265,101.27,42
2025-10-30T00:18:40.148265,100.92,82
2025-10-30T00:18:41.148265,100.98,10
2025-10-30T00:18:42.148265,101.16,27
2025-10-30T00:18:43.148265,101.28,31
2025-10-30T00:18:44.148265,101.24,207
2025-10-30T00:18:45.148265,100.94,5
2025-10-30T00:18:46.148265,100.79,98
2025-10-30T00:18:47.148265,100.9,14
2025-10-30T00:18:48.148265,100.98,27
2025-10-30T00:18:49.148265,101.19,16
2025-10-30T00:18:50.148265,101.19,29
2025-10-30T00:18:51.148265,101.65,98
2025-10-30T00:18:52.148265,101.59,361
2025-10-30T00:18:53.148265,101.57,90
2025-10-30T00:18:54.148265,102.03,94
2025-10-30T00:18:55.148265,101.94,9
2025-10-30T00:18:56.148265,101.8,25
2025-10-30T00:18:57.148265,101.81,3
2025-10-30T00:18:58.148265,101.38,15
2025-10-30T00:18:59.148265,101.79,76
2025-10-30T00:19:00.148265,101.58,157
2025-10-30T00:19:01.148265,101.64,269
2025-10-30T00:19:02.148265,101.34,8
2025-10-30T00:19:03.148265,101.23,17
2025-10-30T00:19:04.148265,101.49,39
2025-10-30T00:19:05.148265,101.44,68
2025-10-30T00:19:06.148265,101.69,34
2025-10-30T00:19:07.148265,101.78,95
2025-10-30T00:19:08.148265,102.06,4
2025-10-30T00:19:09.148265,102.49,10
2025-10-30T00:19:10.148265,102.24,13
2025-10-30T00:19:11.148265,102.07,6
2025-10-30T00:19:12.148265,102.19,45
2025-10-30T00:19:13.148265,102.09,48
2025-10-30T00:19:14.148265,101.85,36
2025-10-30T00:19:15.148265,101.98,136
2025-10-30T00:19:16.148265,102.07,13
2025-10-30T00:19:17.148265,102.38,25
2025-10-30T00:19:18.148265,102.3,19
2025-10-30T00:19:19.148265,102.15,69
2025-10-30T00:19:20.148265,102.35,323
2025-10-30T00:19:21.148265,102.45,277
2025-10-30T00:19:22.148265,102.58,15
2025-10-30T00:19:23.148265,102.64,135
2025-10-30T00:19:24.148265,102.95,23
2025-10-30T00:19:25.148265,102.66,8
2025-10-30T00:19:26.148265,102.82,47
2025-10-30T00:19:27.148265,102.54,218
2025-10-30T00:19:28.148265,102.53,84
2025-10-30T00:19:29.148265,102.51,17
2025-10-30T00:19:30.148265,102.26,7
2025-10-30T00:19:31.148265,101.85,6
2025-10-30T00:19:32.148265,102.05,15
2025-10-30T00:19:33.148265,102.21,46
2025-10-30T00:19:34.148265,102.18,50
2025-10-30T00:19:35.148265,102.04,15
2025-10-30T00:19:36.148265,101.6,93
2025-10-30T00:19:37.148265,101.63,4
2025-10-30T00:19:38.148265,101.48,1
2025-10-30T00:19:39.148265,101.56,73
2025-10-30T00:19:40.148265,101.46,67
2025-10-30T00:19:41.148265,101.34,40
2025-10-30T00:19:42.148265,101.31,3
2025-10-30T00:19:43.148265,101.32,107
2025-10-30T00:19:44.148265,101.53,89
2025-10-30T00:19:45.148265,101.39,43
2025-10-30T00:19:46.148265,101.45,18
2025-10-30T00:19:47.148265,101.53,114
2025-10-30T00:19:48.148265,101.65,114
2025-10-30T00:19:49.148265,101.26,11
2025-10-30T00:19:50.148265,101.26,75
2025-10-30T00:19:51.148265,101.35,107
2025-10-30T00:19:52.148265,101.12,8
2025-10-30T00:19:53.148265,101.28,132
2025-10-30T00:19:54.148265,101.65,83
2025-10-30T00:19:55.148265,101.23,106
2025-10-30T00:19:56.148265,101.56,20
2025-10-30T00:19:57.148265,101.61,133
2025-10-30T00:19:58.148265,101.74,83
2025-10-30T00:19:59.148265,101.36,15
2025-10-30T00:20:00.148265,101.38,102
2025-10-30T00:20:01.148265,101.29,97
2025-10-30T00:20:02.148265,101.35,30
2025-10-30T00:20:03.148265,101.72,18
2025-10-30T00:20:04.148265,101.76,1
2025-10-30T00:20:05.148265,101.62,10
2025-10-30T00:20:06.148265,101.43,170
2025-10-30T00:20:07.148265,101.79,16
2025-10-30T00:20:08.148265,101.66,198
2025-10-30T00:20:09.148265,101.5,38
2025-10-30T00:20:10.148265,101.59,176
2025-10-30T00:20:11.148265,101.55,9
2025-10-30T00:20:12.148265,101.71,5
2025-10-30T00:20:13.148265,101.67,28
2025-10-30T00:20:14.148265,101.65,46
2025-10-30T00:20:15.148265,101.48,35
2025-10-30T00:20:16.148265,101.28,14
2025-10-30T00:20:17.148265,101.46,61
2025-10-30T00:20:18.148265,101.92,38
2025-10-30T00:20:19.148265,101.92,63
2025-10-30T00:20:20.148265,101.9,22
2025-10-30T00:20:21.148265,101.6,3
2025-10-30T00:20:22.148265,101.51,18
2025-10-30T00:20:23.148265,101.35,94
2025-10-30T00:20:24.148265,101.32,18
2025-10-30T00:20:25.148265,101.15,26
2025-10-30T00:20:26.148265,101.01,6
2025-10-30T00:20:27.148265,101.11,27
2025-10-30T00:20:28.148265,101.39,116
2025-10-30T00:20:29.148265,101.28,47
2025-10-30T00:20:30.148265,101.2,1
2025-10-30T00:20:31.148265,101.44,16
2025-10-30T00:20:32.148265,101.2,53
2025-10-30T00:20:33.148265,101.31,31
2025-10-30T00:20:34.148265,101.18,32
2025-10-30T00:20:35.148265,101.23,115
2025-10-30T00:20:36.148265,101.27,4
2025-10-30T00:20:37.148265,101.15,36
2025-10-30T00:20:38.148265,101.03,85
2025-10-30T00:20:39.148265,100.89,69
2025-10-30T00:20:40.148265,100.82,11
2025-10-30T00:20:41.148265,100.69,1
2025-10-30T00:20:42.148265,100.7,94
2025-10-30T00:20:43.148265,100.93,3
2025-10-30T00:20:44.148265,100.69,10
2025-10-30T00:20:45.148265,100.84,59
2025-10-30T00:20:46.148265,100.69,53
2025-10-30T00:20:47.148265,100.7,1
2025-10-30T00:20:48.148265,100.7,5
2025-10-30T00:20:49.148265,100.35,27
2025-10-30T00:20:50.148265,100.58,36
2025-10-30T00:20:51.148265,101.03,2
2025-10-30T00:20:52.148265,101.03,30
2025-10-30T00:20:53.148265,101.42,80
2025-10-30T00:20:54.148265,101.12,45
2025-10-30T00:20:55.148265,100.6,149
2025-10-30T00:20:56.148265,100.82,63
2025-10-30T00:20:57.148265,100.64,35
2025-10-30T00:20:58.148265,100.76,113
2025-10-30T00:20:59.148265,100.54,68
2025-10-30T00:21:00.148265,100.39,14
2025-10-30T00:21:01.148265,100.41,50
2025-10-30T00:21:02.148265,100.43,49
2025-10-30T00:21:03.148265,100.19,16
2025-10-30T00:21:04.148265,100.34,15
2025-10-30T00:21:05.148265,100.42,19
2025-10-30T00:21:06.148265,100.31,13
2025-10-30T00:21:07.148265,100.28,59
2025-10-30T00:21:08.148265,100.26,26
2025-10-30T00:21:09.148265,100.19,39
2025-10-30T00:21:10.148265,100.07,27
2025-10-30T00:21:11.148265,100.14,117
2025-10-30T00:21:12.148265,99.87,97
2025-10-30T00:21:13.148265,99.71,72
2025-10-30T00:21:14.148265,99.69,21
2025-10-30T00:21:15.148265,99.7,70
2025-10-30T00:21:16.148265,100.0,27
2025-10-30T00:21:17.148265,99.61,68
2025-10-30T00:21:18.148265,99.35,12
2025-10-30T00:21:19.148265,99.27,12
2025-10-30T00:21:20.148265,99.23,20
2025-10-30T00:21:21.148265,99.25,56
2025-10-30T00:21:22.148265,99.15,31
2025-10-30T00:21:23.148265,99.22,6
2025-10-30T00:21:24.148265,99.19,25
2025-10-30T00:21:25.148265,99.16,41
2025-10-30T00:21:26.148265,99.44,7
2025-10-30T00:21:27.148265,99.49,30
2025-10-30T00:21:28.148265,99.67,11
2025-10-30T00:21:29.148265,99.73,19
2025-10-30T00:21:30.148265,99.74,69
2025-10-30T00:21:31.148265,99.55,89
2025-10-30T00:21:32.148265,99.55,1
2025-10-30T00:21:33.148265,99.63,38
2025-10-30T00:21:34.148265,99.81,52
2025-10-30T00:21:35.148265,99.81,75
2025-10-30T00:21:36.148265,99.62,149
2025-10-30T00:21:37.148265,99.35,11
2025-10-30T00:21:38.148265,99.46,6
2025-10-30T00:21:39.148265,99.47,55
2025-10-30T00:21:40.148265,99.34,60
2025-10-30T00:21:41.148265,99.29,72
2025-10-30T00:21:42.148265,99.42,68
2025-10-30T00:21:43.148265,99.66,6
2025-10-30T00:21:44.148265,99.88,5
2025-10-30T00:21:45.148265,99.41,1
2025-10-30T00:21:46.148265,99.3,158
2025-10-30T00:21:47.148265,99.58,25
2025-10-30T00:21:48.148265,99.56,58
2025-10-30T00:21:49.148265,99.48,49
2025-10-30T00:21:50.148265,99.75,94
2025-10-30T00:21:51.148265,99.96,45
2025-10-30T00:21:52.148265,100.38,76
2025-10-30T00:21:53.148265,100.78,21
2025-10-30T00:21:54.148265,100.61,35
2025-10-30T00:21:55.148265,100.69,20
2025-10-30T00:21:56.148265,100.91,5
2025-10-30T00:21:57.148265,100.61,161
2025-10-30T00:21:58.148265,100.36,61
2025-10-30T00:21:59.148265,100.08,28
2025-10-30T00:22:00.148265,100.03,15
2025-10-30T00:22:01.148265,99.51,82
2025-10-30T00:22:02.148265,99.29,28
2025-10-30T00:22:03.148265,99.24,65
2025-10-30T00:22:04.148265,99.2,88
2025-10-30T00:22:05.148265,99.59,4
2025-10-30T00:22:06.148265,99.7,31
2025-10-30T00:22:07.148265,99.6,47
2025-10-30T00:22:08.148265,99.57,95
2025-10-30T00:22:09.148265,99.6,10
2025-10-30T00:22:10.148265,99.68,20
2025-10-30T00:22:11.148265,100.03,106
2025-10-30T00:22:12.148265,99.98,1
2025-10-30T00:22:13.148265,99.83,147
2025-10-30T00:22:14.148265,100.1,33
2025-10-30T00:22:15.148265,100.26,70
2025-10-30T00:22:16.148265,100.15,33
2025-10-30T00:22:17.148265,99.88,78
2025-10-30T00:22:18.148265,100.0,58
2025-10-30T00:22:19.148265,100.08,18
2025-10-30T00:22:20.148265,99.88,37
2025-10-30T00:22:21.148265,99.77,27
2025-10-30T00:22:22.148265,99.77,60
2025-10-30T00:22:23.148265,99.59,15
2025-10-30T00:22:24.148265,99.59,10
2025-10-30T00:22:25.148265,99.69,6
2025-10-30T00:22:26.148265,99.36,10
2025-10-30T00:22:27.148265,99.28,12
2025-10-30T00:22:28.148265,98.96,187
2025-10-30T00:22:29.148265,98.99,37
2025-10-30T00:22:30.148265,98.97,10
2025-10-30T00:22:31.148265,99.06,12
2025-10-30T00:22:32.148265,99.07,38
2025-10-30T00:22:33.148265,99.1,16
2025-10-30T00:22:34.148265,99.35,59
2025-10-30T00:22:35.148265,99.31,6
2025-10-30T00:22:36.148265,99.47,103
2025-10-30T00:22:37.148265,99.3,42
2025-10-30T00:22:38.148265,99.09,10
2025-10-30T00:22:39.148265,99.13,2
2025-10-30T00:22:40.148265,99.34,86
2025-10-30T00:22:41.148265,99.26,25
2025-10-30T00:22:42.148265,99.51,2
2025-10-30T00:22:43.148265,99.64,8
2025-10-30T00:22:44.148265,99.48,255
2025-10-30T00:22:45.148265,99.41,6
2025-10-30T00:22:46.148265,99.43,78
2025-10-30T00:22:47.148265,99.16,12
2025-10-30T00:22:48.148265,98.95,29
2025-10-30T00:22:49.148265,98.92,98
2025-10-30T00:22:50.148265,99.09,48
2025-10-30T00:22:51.148265,99.08,47
2025-10-30T00:22:52.148265,99.05,11
2025-10-30T00:22:53.148265,98.57,11
2025-10-30T00:22:54.148265,98.51,9
2025-10-30T00:22:55.148265,98.41,3
2025-10-30T00:22:56.148265,98.63,45
2025-10-30T00:22:57.148265,98.63,17
2025-10-30T00:22:58.148265,98.67,60
2025-10-30T00:22:59.148265,98.98,30
2025-10-30T00:23:00.148265,98.81,77
2025-10-30T00:23:01.148265,98.4,49
2025-10-30T00:23:02.148265,98.16,27
2025-10-30T00:23:03.148265,97.77,39
2025-10-30T00:23:04.148265,97.51,87
2025-10-30T00:23:05.148265,97.17,3
2025-10-30T00:23:06.148265,97.25,69
2025-10-30T00:23:07.148265,97.39,42
2025-10-30T00:23:08.148265,97.37,58
2025-10-30T00:23:09.148265,97.47,60
2025-10-30T00:23:10.148265,97.68,34
2025-10-30T00:23:11.148265,97.6,4
2025-10-30T00:23:12.148265,97.8,19
2025-10-30T00:23:13.148265,97.85,14
2025-10-30T00:23:14.148265,98.27,90
2025-10-30T00:23:15.148265,98.54,42
2025-10-30T00:23:16.148265,99.28,55
2025-10-30T00:23:17.148265,99.04,15
2025-10-30T00:23:18.148265,99.36,31
2025-10-30T00:23:19.148265,99.44,52
2025-10-30T00:23:20.148265,99.55,44
2025-10-30T00:23:21.148265,99.49,50
2025-10-30T00:23:22.148265,99.4,21
2025-10-30T00:23:23.148265,99.4,20
2025-10-30T00:23:24.148265,99.21,20
2025-10-30T00:23:25.148265,98.87,59
2025-10-30T00:23:26.148265,98.76,83
2025-10-30T00:23:27.148265,99.22,39
2025-10-30T00:23:28.148265,99.05,19
2025-10-30T00:23:29.148265,99.1,175
2025-10-30T00:23:30.148265,98.9,221
2025-10-30T00:23:31.148265,99.03,53
2025-10-30T00:23:32.148265,98.83,10
2025-10-30T00:23:33.148265,98.78,22
2025-10-30T00:23:34.148265,98.79,71
2025-10-30T00:23:35.148265,98.51,11
2025-10-30T00:23:36.148265,98.08,28
2025-10-30T00:23:37.148265,97.94,59
2025-10-30T00:23:38.148265,98.32,46
2025-10-30T00:23:39.148265,98.69,13
2025-10-30T00:23:40.148265,98.83,40
2025-10-30T00:23:41.148265,99.04,4
2025-10-30T00:23:42.148265,99.48,30
2025-10-30T00:23:43.148265,99.46,6
2025-10-30T00:23:44.148265,99.58,63
2025-10-30T00:23:45.148265,99.38,35
2025-10-30T00:23:46.148265,99.32,196
2025-10-30T00:23:47.148265,99.69,13
2025-10-30T00:23:48.148265,99.5,127
2025-10-30T00:23:49.148265,99.44,35
2025-10-30T00:23:50.148265,99.73,16
2025-10-30T00:23:51.148265,99.46,78
2025-10-30T00:23:52.148265,99.06,35
2025-10-30T00:23:53.148265,99.3,85
2025-10-30T00:23:54.148265,99.27,44
2025-10-30T00:23:55.148265,99.43,340
2025-10-30T00:23:56.148265,99.32,38
2025-10-30T00:23:57.148265,99.33,21
2025-10-30T00:23:58.148265,99.09,30
2025-10-30T00:23:59.148265,99.01,19
2025-10-30T00:24:00.148265,99.13,42
2025-10-30T00:24:01.148265,99.41,13
2025-10-30T00:24:02.148265,99.42,68
2025-10-30T00:24:03.148265,99.36,61
2025-10-30T00:24:04.148265,99.43,54
2025-10-30T00:24:05.148265,99.25,85
2025-10-30T00:24:06.148265,99.48,1
2025-10-30T00:24:07.148265,99.45,34
2025-10-30T00:24:08.148265,99.11,103
2025-10-30T00:24:09.148265,98.9,29
2025-10-30T00:24:10.148265,98.68,64
2025-10-30T00:24:11.148265,98.64,26
2025-10-30T00:24:12.148265,98.58,31
2025-10-30T00:24:13.148265,98.49,174
2025-10-30T00:24:14.148265,98.33,52
2025-10-30T00:24:15.148265,98.59,95
2025-10-30T00:24:16.148265,98.82,23
2025-10-30T00:24:17.148265,98.51,19
2025-10-30T00:24:18.148265,98.45,102
2025-10-30T00:24:19.148265,98.12,1
2025-10-30T00:24:20.148265,98.37,126
2025-10-30T00:24:21.148265,98.49,298
2025-10-30T00:24:22.148265,98.49,5
2025-10-30T00:24:23.148265,98.28,50
2025-10-30T00:24:24.148265,98.43,59
2025-10-30T00:24:25.148265,98.28,116
2025-10-30T00:24:26.148265,98.62,17
2025-10-30T00:24:27.148265,98.72,23
2025-10-30T00:24:28.148265,98.87,41
2025-10-30T00:24:29.148265,99.06,78
2025-10-30T00:24:30.148265,99.1,102
2025-10-30T00:24:31.148265,99.17,48
2025-10-30T00:24:32.148265,99.2,7
2025-10-30T00:24:33.148265,99.64,30
2025-10-30T00:24:34.148265,99.64,1
2025-10-30T00:24:35.148265,99.79,81
2025-10-30T00:24:36.148265,100.03,8
2025-10-30T00:24:37.148265,99.85,29
2025-10-30T00:24:38.148265,99.7,50
2025-10-30T00:24:39.148265,99.92,27
2025-10-30T00:24:40.148265,99.92,11
2025-10-30T00:24:41.148265,100.31,24
2025-10-30T00:24:42.148265,100.16,42
2025-10-30T00:24:43.148265,100.18,42
2025-10-30T00:24:44.148265,100.35,190
2025-10-30T00:24:45.148265,100.34,53
2025-10-30T00:24:46.148265,100.3,57
2025-10-30T00:24:47.148265,100.56,68
2025-10-30T00:24:48.148265,100.82,34
2025-10-30T00:24:49.148265,100.9,117
2025-10-30T00:24:50.148265,100.82,46
2025-10-30T00:24:51.148265,101.17,21
2025-10-30T00:24:52.148265,100.99,56
2025-10-30T00:24:53.148265,100.78,63
2025-10-30T00:24:54.148265,100.57,49
2025-10-30T00:24:55.148265,100.25,116
2025-10-30T00:24:56.148265,100.15,29
2025-10-30T00:24:57.148265,100.01,43
2025-10-30T00:24:58.148265,100.0,17
2025-10-30T00:24:59.148265,99.91,68
2025-10-30T00:25:00.148265,99.96,38
2025-10-30T00:25:01.148265,100.06,177
2025-10-30T00:25:02.148265,99.63,88
2025-10-30T00:25:03.148265,99.55,14
2025-10-30T00:25:04.148265,99.65,82
2025-10-30T00:25:05.148265,99.45,68
2025-10-30T00:25:06.148265,99.4,164
2025-10-30T00:25:07.148265,99.48,7
2025-10-30T00:25:08.148265,99.87,64
2025-10-30T00:25:09.148265,99.79,195
2025-10-30T00:25:10.148265,100.14,22
2025-10-30T00:25:11.148265,100.07,78
2025-10-30T00:25:12.148265,100.32,30
2025-10-30T00:25:13.148265,100.34,55
2025-10-30T00:25:14.148265,100.22,86
2025-10-30T00:25:15.148265,99.99,140
2025-10-30T00:25:16.148265,100.1,1
2025-10-30T00:25:17.148265,100.19,107
2025-10-30T00:25:18.148265,99.78,12
2025-10-30T00:25:19.148265,99.61,3
2025-10-30T00:25:20.148265,99.81,17
2025-10-30T00:25:21.148265,99.42,26
2025-10-30T00:25:22.148265,99.73,18
2025-10-30T00:25:23.148265,100.1,33
2025-10-30T00:25:24.148265,100.44,7
2025-10-30T00:25:25.148265,100.68,30
2025-10-30T00:25:26.148265,100.52,145
2025-10-30T00:25:27.148265,100.23,27
2025-10-30T00:25:28.148265,100.22,26
2025-10-30T00:25:29.148265,100.1,5
2025-10-30T00:25:30.148265,99.9,151
2025-10-30T00:25:31.148265,99.91,1
2025-10-30T00:25:32.148265,99.76,150
2025-10-30T00:25:33.148265,99.92,96
2025-10-30T00:25:34.148265,100.17,39
2025-10-30T00:25:35.148265,100.35,190
2025-10-30T00:25:36.148265,100.22,10
2025-10-30T00:25:37.148265,100.38,6
2025-10-30T00:25:38.148265,100.51,54
2025-10-30T00:25:39.148265,100.33,51
2025-10-30T00:25:40.148265,100.3,77
2025-10-30T00:25:41.148265,100.28,13
2025-10-30T00:25:42.148265,100.46,3
2025-10-30T00:25:43.148265,100.64,72
2025-10-30T00:25:44.148265,100.68,101
2025-10-30T00:25:45.148265,100.82,19
2025-10-30T00:25:46.148265,101.08,1
2025-10-30T00:25:47.148265,101.43,97
2025-10-30T00:25:48.148265,101.5,14
2025-10-30T00:25:49.148265,101.58,9
2025-10-30T00:25:50.148265,101.56,1
2025-10-30T00:25:51.148265,101.52,78
2025-10-30T00:25:52.148265,101.53,9
2025-10-30T00:25:53.148265,101.71,2
2025-10-30T00:25:54.148265,101.7,68
2025-10-30T00:25:55.148265,101.45,32
2025-10-30T00:25:56.148265,101.49,5
2025-10-30T00:25:57.148265,101.25,35
2025-10-30T00:25:58.148265,101.31,76
2025-10-30T00:25:59.148265,101.29,100
2025-10-30T00:26:00.148265,101.07,166
2025-10-30T00:26:01.148265,101.04,3
2025-10-30T00:26:02.148265,100.84,57
2025-10-30T00:26:03.148265,100.87,33
2025-10-30T00:26:04.148265,100.94,4
2025-10-30T00:26:05.148265,100.9,46
2025-10-30T00:26:06.148265,101.05,50
2025-10-30T00:26:07.148265,101.12,39
2025-10-30T00:26:08.148265,100.82,37
2025-10-30T00:26:09.148265,101.4,30
2025-10-30T00:26:10.148265,101.33,60
2025-10-30T00:26:11.148265,101.27,95
2025-10-30T00:26:12.148265,101.07,63
2025-10-30T00:26:13.148265,100.79,12
2025-10-30T00:26:14.148265,100.65,20
2025-10-30T00:26:15.148265,100.69,30
2025-10-30T00:26:16.148265,100.61,27
2025-10-30T00:26:17.148265,100.66,54
2025-10-30T00:26:18.148265,100.58,128
2025-10-30T00:26:19.148265,100.66,3
2025-10-30T00:26:20.148265,100.7,5
2025-10-30T00:26:21.148265,100.62,67
2025-10-30T00:26:22.148265,100.72,44
2025-10-30T00:26:23.148265,100.48,41
2025-10-30T00:26:24.148265,100.43,21
2025-10-30T00:26:25.148265,100.52,54
2025-10-30T00:26:26.148265,100.52,63
2025-10-30T00:26:27.148265,100.12,172
2025-10-30T00:26:28.148265,99.97,43
2025-10-30T00:26:29.148265,99.86,11
2025-10-30T00:26:30.148265,99.78,5
2025-10-30T00:26:31.148265,99.66,93
2025-10-30T00:26:32.148265,99.43,42
2025-10-30T00:26:33.148265,99.68,82
2025-10-30T00:26:34.148265,99.98,85
2025-10-30T00:26:35.148265,99.53,47
2025-10-30T00:26:36.148265,99.5,132
2025-10-30T00:26:37.148265,99.46,88
2025-10-30T00:26:38.148265,99.45,60
2025-10-30T00:26:39.148265,99.57,18
2025-10-30T00:26:40.148265,99.56,101
2025-10-30T00:26:41.148265,99.58,41
2025-10-30T00:26:42.148265,99.49,50
2025-10-30T00:26:43.148265,99.55,1
2025-10-30T00:26:44.148265,99.55,27
2025-10-30T00:26:45.148265,99.41,20
2025-10-30T00:26:46.148265,99.19,74
2025-10-30T00:26:47.148265,99.42,41
2025-10-30T00:26:48.148265,99.48,8
2025-10-30T00:26:49.148265,99.51,48
2025-10-30T00:26:50.148265,99.44,54
2025-10-30T00:26:51.148265,99.3,33
2025-10-30T00:26:52.148265,99.15,70
2025-10-30T00:26:53.148265,99.21,6
2025-10-30T00:26:54.148265,99.06,56
2025-10-30T00:26:55.148265,99.13,33
2025-10-30T00:26:56.148265,99.1,25
2025-10-30T00:26:57.148265,99.05,45
2025-10-30T00:26:58.148265,99.22,11
2025-10-30T00:26:59.148265,99.23,7
2025-10-30T00:27:00.148265,99.22,1
2025-10-30T00:27:01.148265,99.4,68
2025-10-30T00:27:02.148265,99.49,60
2025-10-30T00:27:03.148265,99.66,34
2025-10-30T00:27:04.148265,99.84,3
2025-10-30T00:27:05.148265,99.53,98
2025-10-30T00:27:06.148265,99.57,127
2025-10-30T00:27:07.148265,99.58,99
2025-10-30T00:27:08.148265,99.35,61
2025-10-30T00:27:09.148265,99.23,27
2025-10-30T00:27:10.148265,99.26,19
2025-10-30T00:27:11.148265,99.29,80
2025-10-30T00:27:12.148265,99.01,126
2025-10-30T00:27:13.148265,98.76,4
2025-10-30T00:27:14.148265,98.84,44
2025-10-30T00:27:15.148265,98.72,37
2025-10-30T00:27:16.148265,98.59,20
2025-10-30T00:27:17.148265,98.69,20
2025-10-30T00:27:18.148265,98.81,6
2025-10-30T00:27:19.148265,99.02,35
2025-10-30T00:27:20.148265,99.17,64
2025-10-30T00:27:21.148265,99.07,85
2025-10-30T00:27:22.148265,99.13,7
2025-10-30T00:27:23.148265,99.0,10
2025-10-30T00:27:24.148265,98.73,53
2025-10-30T00:27:25.148265,98.53,9
2025-10-30T00:27:26.148265,98.56,70
2025-10-30T00:27:27.148265,98.33,71
2025-10-30T00:27:28.148265,97.91,41
2025-10-30T00:27:29.148265,98.05,50
2025-10-30T00:27:30.148265,97.77,49
2025-10-30T00:27:31.148265,97.49,8
2025-10-30T00:27:32.148265,97.68,18
2025-10-30T00:27:33.148265,97.77,16
2025-10-30T00:27:34.148265,97.99,18
2025-10-30T00:27:35.148265,98.07,30
2025-10-30T00:27:36.148265,98.42,3
2025-10-30T00:27:37.148265,98.55,99
2025-10-30T00:27:38.148265,98.72,35
2025-10-30T00:27:39.148265,98.5,31
2025-10-30T00:27:40.148265,98.17,113
2025-10-30T00:27:41.148265,98.05,29
2025-10-30T00:27:42.148265,98.15,19
2025-10-30T00:27:43.148265,97.88,32
2025-10-30T00:27:44.148265,97.92,5
2025-10-30T00:27:45.148265,97.98,114
2025-10-30T00:27:46.148265,97.81,35
2025-10-30T00:27:47.148265,98.07,9
2025-10-30T00:27:48.148265,98.07,28
2025-10-30T00:27:49.148265,98.28,36
2025-10-30T00:27:50.148265,98.38,16
2025-10-30T00:27:51.148265,98.54,26
2025-10-30T00:27:52.148265,98.4,77
2025-10-30T00:27:53.148265,98.63,52
2025-10-30T00:27:54.148265,98.71,56
2025-10-30T00:27:55.148265,98.75,16
2025-10-30T00:27:56.148265,98.7,118
2025-10-30T00:27:57.148265,98.42,103
2025-10-30T00:27:58.148265,98.29,7
2025-10-30T00:27:59.148265,98.52,21
2025-10-30T00:28:00.148265,98.82,24
2025-10-30T00:28:01.148265,98.76,45
2025-10-30T00:28:02.148265,98.92,23
2025-10-30T00:28:03.148265,98.86,78
2025-10-30T00:28:04.148265,98.97,88
2025-10-30T00:28:05.148265,98.7,67
2025-10-30T00:28:06.148265,98.6,51
2025-10-30T00:28:07.148265,98.38,27
2025-10-30T00:28:08.148265,98.26,9
2025-10-30T00:28:09.148265,98.4,12
2025-10-30T00:28:10.148265,98.61,12
2025-10-30T00:28:11.148265,98.54,7
2025-10-30T00:28:12.148265,98.88,5
2025-10-30T00:28:13.148265,99.06,73
2025-10-30T00:28:14.148265,99.27,1
2025-10-30T00:28:15.148265,98.92,20
2025-10-30T00:28:16.148265,98.93,23
2025-10-30T00:28:17.148265,98.83,8
2025-10-30T00:28:18.148265,99.0,82
2025-10-30T00:28:19.148265,98.7,9
2025-10-30T00:28:20.148265,98.51,56
2025-10-30T00:28:21.148265,98.59,13
2025-10-30T00:28:22.148265,98.44,69
2025-10-30T00:28:23.148265,98.5,29
2025-10-30T00:28:24.148265,98.33,82
2025-10-30T00:28:25.148265,98.29,31
2025-10-30T00:28:26.148265,98.39,146
2025-10-30T00:28:27.148265,98.23,208
2025-10-30T00:28:28.148265,98.07,24
2025-10-30T00:28:29.148265,98.11,37
2025-10-30T00:28:30.148265,98.46,80
2025-10-30T00:28:31.148265,98.38,7
2025-10-30T00:28:32.148265,98.38,103
2025-10-30T00:28:33.148265,98.66,40
2025-10-30T00:28:34.148265,98.97,95
2025-10-30T00:28:35.148265,99.2,16
2025-10-30T00:28:36.148265,99.21,117
2025-10-30T00:28:37.148265,99.05,7
2025-10-30T00:28:38.148265,98.61,12
2025-10-30T00:28:39.148265,98.79,29
2025-10-30T00:28:40.148265,98.76,2
2025-10-30T00:28:41.148265,98.8,34
2025-10-30T00:28:42.148265,98.86,23
2025-10-30T00:28:43.148265,99.5,1
2025-10-30T00:28:44.148265,99.85,52
2025-10-30T00:28:45.148265,99.69,78
2025-10-30T00:28:46.148265,99.8,88
2025-10-30T00:28:47.148265,99.92,59
2025-10-30T00:28:48.148265,100.12,29
2025-10-30T00:28:49.148265,100.36,1
2025-10-30T00:28:50.148265,100.5,90
2025-10-30T00:28:51.148265,100.57,39
2025-10-30T00:28:52.148265,100.53,5
2025-10-30T00:28:53.148265,100.29,16
2025-10-30T00:28:54.148265,100.27,27
2025-10-30T00:28:55.148265,100.33,78
2025-10-30T00:28:56.148265,100.24,117
2025-10-30T00:28:57.148265,100.27,45
2025-10-30T00:28:58.148265,100.51,13
2025-10-30T00:28:59.148265,100.53,7
2025-10-30T00:29:00.148265,100.28,13
2025-10-30T00:29:01.148265,100.4,26
2025-10-30T00:29:02.148265,100.36,183
2025-10-30T00:29:03.148265,100.29,3
2025-10-30T00:29:04.148265,100.05,222
2025-10-30T00:29:05.148265,100.01,40
2025-10-30T00:29:06.148265,99.84,50
2025-10-30T00:29:07.148265,99.98,198
2025-10-30T00:29:08.148265,99.98,77
2025-10-30T00:29:09.148265,100.02,21
2025-10-30T00:29:10.148265,99.99,73
2025-10-30T00:29:11.148265,99.71,66
2025-10-30T00:29:12.148265,99.68,39
2025-10-30T00:29:13.148265,99.73,83
2025-10-30T00:29:14.148265,99.89,31
2025-10-30T00:29:15.148265,100.2,59
2025-10-30T00:29:16.148265,99.95,3
2025-10-30T00:29:17.148265,99.68,74
2025-10-30T00:29:18.148265,99.52,2
2025-10-30T00:29:19.148265,99.56,11
2025-10-30T00:29:20.148265,100.01,36
2025-10-30T00:29:21.148265,100.13,226
2025-10-30T00:29:22.148265,99.98,69
2025-10-30T00:29:23.148265,99.94,10
2025-10-30T00:29:24.148265,99.72,100
2025-10-30T00:29:25.148265,99.99,20
2025-10-30T00:29:26.148265,100.13,110
2025-10-30T00:29:27.148265,100.27,67
2025-10-30T00:29:28.148265,100.43,181
2025-10-30T00:29:29.148265,100.31,34
2025-10-30T00:29:30.148265,99.85,36
2025-10-30T00:29:31.148265,99.86,80
2025-10-30T00:29:32.148265,99.85,46
2025-10-30T00:29:33.148265,99.77,86
2025-10-30T00:29:34.148265,99.6,4
2025-10-30T00:29:35.148265,99.55,54
2025-10-30T00:29:36.148265,99.46,27
2025-10-30T00:29:37.148265,99.71,58
2025-10-30T00:29:38.148265,99.68,102
2025-10-30T00:29:39.148265,99.73,21
2025-10-30T00:29:40.148265,99.89,195
2025-10-30T00:29:41.148265,99.89,147
2025-10-30T00:29:42.148265,100.14,22
2025-10-30T00:29:43.148265,100.27,80
2025-10-30T00:29:44.148265,100.06,7
2025-10-30T00:29:45.148265,99.61,46
2025-10-30T00:29:46.148265,99.62,3
2025-10-30T00:29:47.148265,99.57,75
2025-10-30T00:29:48.148265,99.44,41
2025-10-30T00:29:49.148265,99.59,46
2025-10-30T00:29:50.148265,99.38,23
2025-10-30T00:29:51.148265,98.94,72
2025-10-30T00:29:52.148265,98.72,25
2025-10-30T00:29:53.148265,98.61,52
2025-10-30T00:29:54.148265,98.61,66
2025-10-30T00:29:55.148265,98.71,34
2025-10-30T00:29:56.148265,98.52,15
2025-10-30T00:29:57.148265,98.68,15
2025-10-30T00:29:58.148265,98.06,16
2025-10-30T00:29:59.148265,98.28,124
2025-10-30T00:30:00.148265,98.18,95
2025-10-30T00:30:01.148265,98.19,30
2025-10-30T00:30:02.148265,98.36,4
2025-10-30T00:30:03.148265,98.23,57
2025-10-30T00:30:04.148265,98.33,21
2025-10-30T00:30:05.148265,98.19,3
2025-10-30T00:30:06.148265,97.79,95
2025-10-30T00:30:07.148265,97.68,62
2025-10-30T00:30:08.148265,97.93,78
2025-10-30T00:30:09.148265,97.81,35
2025-10-30T00:30:10.148265,97.9,7
2025-10-30T00:30:11.148265,97.99,78
2025-10-30T00:30:12.148265,98.24,23
2025-10-30T00:30:13.148265,98.28,81
2025-10-30T00:30:14.148265,98.02,4
2025-10-30T00:30:15.148265,97.93,18
2025-10-30T00:30:16.148265,98.24,37
2025-10-30T00:30:17.148265,98.24,73
2025-10-30T00:30:18.148265,98.27,179
2025-10-30T00:30:19.148265,98.2,51
2025-10-30T00:30:20.148265,97.92,21
2025-10-30T00:30:21.148265,98.01,105
2025-10-30T00:30:22.148265,98.06,10
2025-10-30T00:30:23.148265,97.78,169
2025-10-30T00:30:24.148265,97.39,2
2025-10-30T00:30:25.148265,97.57,6
2025-10-30T00:30:26.148265,97.64,19
2025-10-30T00:30:27.148265,97.74,61
2025-10-30T00:30:28.148265,97.48,112
2025-10-30T00:30:29.148265,97.86,93
2025-10-30T00:30:30.148265,97.86,40
2025-10-30T00:30:31.148265,98.14,6
2025-10-30T00:30:32.148265,98.06,34
2025-10-30T00:30:33.148265,98.29,9
2025-10-30T00:30:34.148265,98.4,53
2025-10-30T00:30:35.148265,98.36,63
2025-10-30T00:30:36.148265,98.06,41
2025-10-30T00:30:37.148265,97.83,87
2025-10-30T00:30:38.148265,97.89,51
2025-10-30T00:30:39.148265,97.9,42
2025-10-30T00:30:40.148265,97.71,26
2025-10-30T00:30:41.148265,97.44,50
2025-10-30T00:30:42.148265,97.17,17
2025-10-30T00:30:43.148265,97.17,156
2025-10-30T00:30:44.148265,96.82,57
2025-10-30T00:30:45.148265,96.86,17
2025-10-30T00:30:46.148265,96.92,28
2025-10-30T00:30:47.148265,96.95,33
2025-10-30T00:30:48.148265,97.03,18
2025-10-30T00:30:49.148265,97.28,63
2025-10-30T00:30:50.148265,97.24,185
2025-10-30T00:30:51.148265,96.86,7
2025-10-30T00:30:52.148265,96.69,19
2025-10-30T00:30:53.148265,96.87,31
2025-10-30T00:30:54.148265,96.85,5
2025-10-30T00:30:55.148265,97.0,17
2025-10-30T00:30:56.148265,96.8,14
2025-10-30T00:30:57.148265,96.98,100
2025-10-30T00:30:58.148265,97.07,43
2025-10-30T00:30:59.148265,97.22,18
2025-10-30T00:31:00.148265,97.24,36
2025-10-30T00:31:01.148265,97.01,34
2025-10-30T00:31:02.148265,96.99,145
2025-10-30T00:31:03.148265,97.03,35
2025-10-30T00:31:04.148265,97.16,21
2025-10-30T00:31:05.148265,97.13,2
2025-10-30T00:31:06.148265,96.73,53
2025-10-30T00:31:07.148265,96.74,31
2025-10-30T00:31:08.148265,96.37,28
2025-10-30T00:31:09.148265,96.28,107
2025-10-30T00:31:10.148265,96.23,22
2025-10-30T00:31:11.148265,95.91,25
2025-10-30T00:31:12.148265,95.8,40
2025-10-30T00:31:13.148265,95.75,3
2025-10-30T00:31:14.148265,95.42,16
2025-10-30T00:31:15.148265,95.41,225
2025-10-30T00:31:16.148265,95.37,184
2025-10-30T00:31:17.148265,95.28,25
2025-10-30T00:31:18.148265,95.33,139
2025-10-30T00:31:19.148265,95.16,70
2025-10-30T00:31:20.148265,95.23,34
2025-10-30T00:31:21.148265,95.45,2
2025-10-30T00:31:22.148265,95.56,32
2025-10-30T00:31:23.148265,95.69,30
2025-10-30T00:31:24.148265,95.51,19
2025-10-30T00:31:25.148265,95.37,47
2025-10-30T00:31:26.148265,95.67,67
2025-10-30T00:31:27.148265,96.17,17
2025-10-30T00:31:28.148265,95.98,38
2025-10-30T00:31:29.148265,96.29,61
2025-10-30T00:31:30.148265,96.18,22
2025-10-30T00:31:31.148265,96.52,56
2025-10-30T00:31:32.148265,96.77,79
2025-10-30T00:31:33.148265,96.74,64
2025-10-30T00:31:34.148265,96.72,32
2025-10-30T00:31:35.148265,96.68,170
2025-10-30T00:31:36.148265,96.75,43
2025-10-30T00:31:37.148265,96.42,63
2025-10-30T00:31:38.148265,96.32,49
2025-10-30T00:31:39.148265,96.26,48
2025-10-30T00:31:40.148265,96.32,57
2025-10-30T00:31:41.148265,96.23,1
2025-10-30T00:31:42.148265,96.32,1
2025-10-30T00:31:43.148265,96.29,18
2025-10-30T00:31:44.148265,96.46,26
2025-10-30T00:31:45.148265,96.7,74
2025-10-30T00:31:46.148265,97.04,66
2025-10-30T00:31:47.148265,96.85,3
2025-10-30T00:31:48.148265,96.94,19
2025-10-30T00:31:49.148265,97.04,54
2025-10-30T00:31:50.148265,96.87,9
2025-10-30T00:31:51.148265,96.84,121
2025-10-30T00:31:52.148265,96.74,73
2025-10-30T00:31:53.148265,96.89,63
2025-10-30T00:31:54.148265,96.7,47
2025-10-30T00:31:55.148265,96.47,10
2025-10-30T00:31:56.148265,96.48,12
2025-10-30T00:31:57.148265,96.73,180
2025-10-30T00:31:58.148265,96.68,11
2025-10-30T00:31:59.148265,96.83,61
2025-10-30T00:32:00.148265,96.76,135
2025-10-30T00:32:01.148265,96.92,79
2025-10-30T00:32:02.148265,96.91,56
2025-10-30T00:32:03.148265,97.01,23
2025-10-30T00:32:04.148265,97.37,154
2025-10-30T00:32:05.148265,97.33,81
2025-10-30T00:32:06.148265,97.29,62
2025-10-30T00:32:07.148265,97.45,21
2025-10-30T00:32:08.148265,97.31,32
2025-10-30T00:32:09.148265,97.36,11
2025-10-30T00:32:10.148265,96.92,59
2025-10-30T00:32:11.148265,96.81,7
2025-10-30T00:32:12.148265,96.62,13
2025-10-30T00:32:13.148265,96.45,55
2025-10-30T00:32:14.148265,96.18,2
2025-10-30T00:32:15.148265,96.13,26
2025-10-30T00:32:16.148265,96.11,73
2025-10-30T00:32:17.148265,96.02,1
2025-10-30T00:32:18.148265,95.6,26
2025-10-30T00:32:19.148265,95.46,136
2025-10-30T00:32:20.148265,95.62,11
2025-10-30T00:32:21.148265,95.47,166
2025-10-30T00:32:22.148265,95.35,119
2025-10-30T00:32:23.148265,95.6,4
2025-10-30T00:32:24.148265,95.39,64
2025-10-30T00:32:25.148265,95.28,137
2025-10-30T00:32:26.148265,95.38,106
2025-10-30T00:32:27.148265,95.32,9
2025-10-30T00:32:28.148265,95.89,25
2025-10-30T00:32:29.148265,95.57,34
2025-10-30T00:32:30.148265,96.02,130
2025-10-30T00:32:31.148265,95.83,104
2025-10-30T00:32:32.148265,96.08,5
2025-10-30T00:32:33.148265,96.09,203
2025-10-30T00:32:34.148265,95.97,39
2025-10-30T00:32:35.148265,96.53,34
2025-10-30T00:32:36.148265,96.88,31
2025-10-30T00:32:37.148265,96.74,10
2025-10-30T00:32:38.148265,96.83,30
2025-10-30T00:32:39.148265,96.9,14
2025-10-30T00:32:40.148265,97.02,78
2025-10-30T00:32:41.148265,97.31,41
2025-10-30T00:32:42.148265,97.32,96
2025-10-30T00:32:43.148265,97.2,113
2025-10-30T00:32:44.148265,97.31,4
2025-10-30T00:32:45.148265,97.1,55
2025-10-30T00:32:46.148265,97.14,19
2025-10-30T00:32:47.148265,97.24,14
2025-10-30T00:32:48.148265,97.23,70
2025-10-30T00:32:49.148265,97.37,153
2025-10-30T00:32:50.148265,97.27,1
2025-10-30T00:32:51.148265,97.57,53
2025-10-30T00:32:52.148265,97.55,6
2025-10-30T00:32:53.148265,97.48,18
2025-10-30T00:32:54.148265,97.29,112
2025-10-30T00:32:55.148265,97.42,60
2025-10-30T00:32:56.148265,97.38,123
2025-10-30T00:32:57.148265,97.47,17
2025-10-30T00:32:58.148265,97.37,7
2025-10-30T00:32:59.148265,97.28,8
2025-10-30T00:33:00.148265,97.28,26
2025-10-30T00:33:01.148265,97.01,39
2025-10-30T00:33:02.148265,96.77,54
2025-10-30T00:33:03.148265,96.81,12
2025-10-30T00:33:04.148265,96.82,103
2025-10-30T00:33:05.148265,97.14,4
2025-10-30T00:33:06.148265,96.85,4
2025-10-30T00:33:07.148265,96.95,41
2025-10-30T00:33:08.148265,97.18,35
2025-10-30T00:33:09.148265,97.27,42
2025-10-30T00:33:10.148265,97.37,36
2025-10-30T00:33:11.148265,97.51,6
2025-10-30T00:33:12.148265,97.58,4
2025-10-30T00:33:13.148265,97.83,35
2025-10-30T00:33:14.148265,97.91,36
2025-10-30T00:33:15.148265,97.71,30
2025-10-30T00:33:16.148265,97.91,82
2025-10-30T00:33:17.148265,97.99,64
2025-10-30T00:33:18.148265,97.7,68
2025-10-30T00:33:19.148265,97.92,43
2025-10-30T00:33:20.148265,98.09,3
2025-10-30T00:33:21.148265,98.14,256
2025-10-30T00:33:22.148265,98.21,135
2025-10-30T00:33:23.148265,98.18,1
2025-10-30T00:33:24.148265,97.9,72
2025-10-30T00:33:25.148265,98.08,191
2025-10-30T00:33:26.148265,97.96,247
2025-10-30T00:33:27.148265,97.8,24
2025-10-30T00:33:28.148265,98.09,23
2025-10-30T00:33:29.148265,97.78,57
2025-10-30T00:33:30.148265,97.65,52
2025-10-30T00:33:31.148265,97.44,21
2025-10-30T00:33:32.148265,97.55,37
2025-10-30T00:33:33.148265,97.77,65
2025-10-30T00:33:34.148265,97.77,1
2025-10-30T00:33:35.148265,97.79,17
2025-10-30T00:33:36.148265,97.68,37
2025-10-30T00:33:37.148265,97.46,86
2025-10-30T00:33:38.148265,97.46,16
2025-10-30T00:33:39.148265,97.64,138
2025-10-30T00:33:40.148265,97.63,82
2025-10-30T00:33:41.148265,97.54,27
2025-10-30T00:33:42.148265,97.58,1
2025-10-30T00:33:43.148265,97.18,11
2025-10-30T00:33:44.148265,97.22,45
2025-10-30T00:33:45.148265,97.25,60
2025-10-30T00:33:46.148265,97.55,25
2025-10-30T00:33:47.148265,97.65,13
2025-10-30T00:33:48.148265,97.73,2
2025-10-30T00:33:49.148265,98.11,35
2025-10-30T00:33:50.148265,98.02,65
2025-10-30T00:33:51.148265,98.37,19
2025-10-30T00:33:52.148265,98.13,19
2025-10-30T00:33:53.148265,97.96,17
2025-10-30T00:33:54.148265,98.14,12
2025-10-30T00:33:55.148265,98.37,17
2025-10-30T00:33:56.148265,98.81,105
2025-10-30T00:33:57.148265,98.99,121
2025-10-30T00:33:58.148265,98.84,34
2025-10-30T00:33:59.148265,98.69,179
2025-10-30T00:34:00.148265,98.96,77
2025-10-30T00:34:01.148265,98.85,19
2025-10-30T00:34:02.148265,98.75,23
2025-10-30T00:34:03.148265,98.81,70
2025-10-30T00:34:04.148265,98.43,17
2025-10-30T00:34:05.148265,98.49,61
2025-10-30T00:34:06.148265,98.64,41
2025-10-30T00:34:07.148265,98.23,171
2025-10-30T00:34:08.148265,98.13,13
2025-10-30T00:34:09.148265,98.09,11
2025-10-30T00:34:10.148265,97.82,93
2025-10-30T00:34:11.148265,97.47,4
2025-10-30T00:34:12.148265,97.45,15
2025-10-30T00:34:13.148265,97.32,55
2025-10-30T00:34:14.148265,97.0,10
2025-10-30T00:34:15.148265,96.76,71
2025-10-30T00:34:16.148265,96.72,32
2025-10-30T00:34:17.148265,96.48,101
2025-10-30T00:34:18.148265,96.24,1
2025-10-30T00:34:19.148265,96.66,138
2025-10-30T00:34:20.148265,96.75,387
2025-10-30T00:34:21.148265,96.73,32
2025-10-30T00:34:22.148265,96.74,11
2025-10-30T00:34:23.148265,97.0,123
2025-10-30T00:34:24.148265,96.68,23
2025-10-30T00:34:25.148265,96.57,38
2025-10-30T00:34:26.148265,96.47,35
2025-10-30T00:34:27.148265,96.59,34
2025-10-30T00:34:28.148265,97.03,31
2025-10-30T00:34:29.148265,97.35,91
2025-10-30T00:34:30.148265,97.51,26
2025-10-30T00:34:31.148265,97.41,41
2025-10-30T00:34:32.148265,97.43,15
2025-10-30T00:34:33.148265,97.54,136
2025-10-30T00:34:34.148265,97.36,8
2025-10-30T00:34:35.148265,97.26,20
2025-10-30T00:34:36.148265,96.99,34
2025-10-30T00:34:37.148265,97.24,53
2025-10-30T00:34:38.148265,97.18,86
2025-10-30T00:34:39.148265,97.04,169
2025-10-30T00:34:40.148265,96.9,9
2025-10-30T00:34:41.148265,96.73,79
2025-10-30T00:34:42.148265,96.88,33
2025-10-30T00:34:43.148265,97.15,124
2025-10-30T00:34:44.148265,96.88,3
2025-10-30T00:34:45.148265,96.81,1
2025-10-30T00:34:46.148265,97.08,55
2025-10-30T00:34:47.148265,96.7,72
2025-10-30T00:34:48.148265,96.38,13
2025-10-30T00:34:49.148265,96.57,61
2025-10-30T00:34:50.148265,96.8,23
2025-10-30T00:34:51.148265,96.81,48
2025-10-30T00:34:52.148265,96.68,33
2025-10-30T00:34:53.148265,96.45,33
2025-10-30T00:34:54.148265,96.69,1
2025-10-30T00:34:55.148265,96.7,37
2025-10-30T00:34:56.148265,96.62,1
2025-10-30T00:34:57.148265,97.15,83
2025-10-30T00:34:58.148265,96.99,120
2025-10-30T00:34:59.148265,96.68,5
2025-10-30T00:35:00.148265,96.77,10
2025-10-30T00:35:01.148265,96.83,37
2025-10-30T00:35:02.148265,96.89,25
2025-10-30T00:35:03.148265,96.75,23
2025-10-30T00:35:04.148265,96.54,231
2025-10-30T00:35:05.148265,96.68,12
2025-10-30T00:35:06.148265,96.53,53
2025-10-30T00:35:07.148265,96.19,97
2025-10-30T00:35:08.148265,96.2,23
2025-10-30T00:35:09.148265,96.11,40
2025-10-30T00:35:10.148265,96.13,9
2025-10-30T00:35:11.148265,96.14,34
2025-10-30T00:35:12.148265,95.83,41
2025-10-30T00:35:13.148265,95.97,97
2025-10-30T00:35:14.148265,96.16,2
2025-10-30T00:35:15.148265,96.29,11
2025-10-30T00:35:16.148265,96.56,32
2025-10-30T00:35:17.148265,96.26,2
2025-10-30T00:35:18.148265,96.65,114
2025-10-30T00:35:19.148265,96.85,41
2025-10-30T00:35:20.148265,97.29,18
2025-10-30T00:35:21.148265,97.38,162
2025-10-30T00:35:22.148265,97.1,62
2025-10-30T00:35:23.148265,96.93,25
2025-10-30T00:35:24.148265,97.03,13
2025-10-30T00:35:25.148265,97.08,89
2025-10-30T00:35:26.148265,96.76,20
2025-10-30T00:35:27.148265,97.02,70
2025-10-30T00:35:28.148265,97.39,64
2025-10-30T00:35:29.148265,97.84,34
2025-10-30T00:35:30.148265,97.9,28
2025-10-30T00:35:31.148265,97.89,91
2025-10-30T00:35:32.148265,97.71,154
2025-10-30T00:35:33.148265,97.99,25
2025-10-30T00:35:34.148265,98.0,15
2025-10-30T00:35:35.148265,97.95,245
2025-10-30T00:35:36.148265,97.77,141
2025-10-30T00:35:37.148265,97.78,28
2025-10-30T00:35:38.148265,97.66,4
2025-10-30T00:35:39.148265,97.4,48
2025-10-30T00:35:40.148265,97.49,4
2025-10-30T00:35:41.148265,97.2,8
2025-10-30T00:35:42.148265,97.13,67
2025-10-30T00:35:43.148265,96.86,19
2025-10-30T00:35:44.148265,96.88,18
2025-10-30T00:35:45.148265,96.89,22
2025-10-30T00:35:46.148265,96.88,10
2025-10-30T00:35:47.148265,96.98,29
2025-10-30T00:35:48.148265,96.79,1
2025-10-30T00:35:49.148265,96.72,21
2025-10-30T00:35:50.148265,96.94,19
2025-10-30T00:35:51.148265,97.08,24
2025-10-30T00:35:52.148265,97.03,4
2025-10-30T00:35:53.148265,97.22,115
2025-10-30T00:35:54.148265,97.67,42
2025-10-30T00:35:55.148265,97.37,9
2025-10-30T00:35:56.148265,97.29,17
2025-10-30T00:35:57.148265,97.36,33
2025-10-30T00:35:58.148265,97.55,27
2025-10-30T00:35:59.148265,97.63,33
2025-10-30T00:36:00.148265,97.76,14
2025-10-30T00:36:01.148265,97.83,49
2025-10-30T00:36:02.148265,97.72,5
2025-10-30T00:36:03.148265,97.65,18
2025-10-30T00:36:04.148265,97.82,48
2025-10-30T00:36:05.148265,97.76,81
2025-10-30T00:36:06.148265,97.68,84
2025-10-30T00:36:07.148265,97.83,98
2025-10-30T00:36:08.148265,97.93,19
2025-10-30T00:36:09.148265,97.91,147
2025-10-30T00:36:10.148265,97.96,167
2025-10-30T00:36:11.148265,98.12,173
2025-10-30T00:36:12.148265,98.04,33
2025-10-30T00:36:13.148265,98.33,42
2025-10-30T00:36:14.148265,98.34,84
2025-10-30T00:36:15.148265,98.53,24
2025-10-30T00:36:16.148265,98.72,44
2025-10-30T00:36:17.148265,98.89,39
2025-10-30T00:36:18.148265,98.79,152
2025-10-30T00:36:19.148265,98.56,30
2025-10-30T00:36:20.148265,98.51,17
2025-10-30T00:36:21.148265,98.31,59
2025-10-30T00:36:22.148265,98.46,26
2025-10-30T00:36:23.148265,98.14,34
2025-10-30T00:36:24.148265,98.04,53
2025-10-30T00:36:25.148265,97.93,62
2025-10-30T00:36:26.148265,97.95,233
2025-10-30T00:36:27.148265,97.88,32
2025-10-30T00:36:28.148265,97.69,126
2025-10-30T00:36:29.148265,97.83,58
2025-10-30T00:36:30.148265,97.5,22
2025-10-30T00:36:31.148265,97.41,112
2025-10-30T00:36:32.148265,97.14,4
2025-10-30T00:36:33.148265,97.08,73
2025-10-30T00:36:34.148265,96.98,52
2025-10-30T00:36:35.148265,96.83,2
2025-10-30T00:36:36.148265,97.12,25
2025-10-30T00:36:37.148265,97.09,69
2025-10-30T00:36:38.148265,97.29,1
2025-10-30T00:36:39.148265,97.25,14
2025-10-30T00:36:40.148265,97.02,43
2025-10-30T00:36:41.148265,97.0,42
2025-10-30T00:36:42.148265,96.82,73
2025-10-30T00:36:43.148265,96.88,44
2025-10-30T00:36:44.148265,96.7,1
2025-10-30T00:36:45.148265,96.7,5
2025-10-30T00:36:46.148265,96.27,6
2025-10-30T00:36:47.148265,96.52,141
2025-10-30T00:36:48.148265,96.63,30
2025-10-30T00:36:49.148265,96.76,11
2025-10-30T00:36:50.148265,96.54,28
2025-10-30T00:36:51.148265,96.56,59
2025-10-30T00:36:52.148265,96.49,83
2025-10-30T00:36:53.148265,96.64,6
2025-10-30T00:36:54.148265,96.8,56
2025-10-30T00:36:55.148265,96.57,8
2025-10-30T00:36:56.148265,96.71,9
2025-10-30T00:36:57.148265,96.7,8
2025-10-30T00:36:58.148265,96.25,13
2025-10-30T00:36:59.148265,96.07,25
2025-10-30T00:37:00.148265,96.18,28
2025-10-30T00:37:01.148265,96.43,1
2025-10-30T00:37:02.148265,96.33,44
2025-10-30T00:37:03.148265,96.25,24
2025-10-30T00:37:04.148265,96.21,69
2025-10-30T00:37:05.148265,96.08,82
2025-10-30T00:37:06.148265,96.16,102
2025-10-30T00:37:07.148265,96.19,10
2025-10-30T00:37:08.148265,96.09,15
2025-10-30T00:37:09.148265,96.28,99
2025-10-30T00:37:10.148265,96.01,45
2025-10-30T00:37:11.148265,95.96,47
2025-10-30T00:37:12.148265,95.81,93
2025-10-30T00:37:13.148265,95.72,48
2025-10-30T00:37:14.148265,95.84,17
2025-10-30T00:37:15.148265,95.56,47
2025-10-30T00:37:16.148265,95.65,6
2025-10-30T00:37:17.148265,95.7,18
2025-10-30T00:37:18.148265,95.82,35
2025-10-30T00:37:19.148265,96.09,27
2025-10-30T00:37:20.148265,96.21,10
2025-10-30T00:37:21.148265,96.35,50
2025-10-30T00:37:22.148265,96.25,460
2025-10-30T00:37:23.148265,95.99,40
2025-10-30T00:37:24.148265,95.88,18
2025-10-30T00:37:25.148265,95.89,29
2025-10-30T00:37:26.148265,96.06,1
2025-10-30T00:37:27.148265,96.12,7
2025-10-30T00:37:28.148265,96.32,35
2025-10-30T00:37:29.148265,95.86,34
2025-10-30T00:37:30.148265,95.78,91
2025-10-30T00:37:31.148265,95.6,33
2025-10-30T00:37:32.148265,95.64,71
2025-10-30T00:37:33.148265,95.66,17
2025-10-30T00:37:34.148265,95.62,9
2025-10-30T00:37:35.148265,95.85,30
2025-10-30T00:37:36.148265,95.83,39
2025-10-30T00:37:37.148265,95.5,6
2025-10-30T00:37:38.148265,95.75,86
2025-10-30T00:37:39.148265,95.97,22
2025-10-30T00:37:40.148265,95.99,63
2025-10-30T00:37:41.148265,95.94,39
2025-10-30T00:37:42.148265,96.03,88
2025-10-30T00:37:43.148265,96.02,69
2025-10-30T00:37:44.148265,95.8,29
2025-10-30T00:37:45.148265,96.5,21
2025-10-30T00:37:46.148265,96.58,255
2025-10-30T00:37:47.148265,96.39,74
2025-10-30T00:37:48.148265,96.42,44
2025-10-30T00:37:49.148265,96.77,21
2025-10-30T00:37:50.148265,96.7,9
2025-10-30T00:37:51.148265,96.43,7
2025-10-30T00:37:52.148265,96.47,3
2025-10-30T00:37:53.148265,96.6,21
2025-10-30T00:37:54.148265,96.55,19
2025-10-30T00:37:55.148265,96.79,60
2025-10-30T00:37:56.148265,96.75,97
2025-10-30T00:37:57.148265,96.9,211
2025-10-30T00:37:58.148265,96.86,164
2025-10-30T00:37:59.148265,96.78,77
2025-10-30T00:38:00.148265,97.31,100
2025-10-30T00:38:01.148265,97.01,6
2025-10-30T00:38:02.148265,97.11,62
2025-10-30T00:38:03.148265,97.0,88
2025-10-30T00:38:04.148265,97.02,33
2025-10-30T00:38:05.148265,96.73,43
2025-10-30T00:38:06.148265,96.71,30
2025-10-30T00:38:07.148265,96.91,50
2025-10-30T00:38:08.148265,96.97,36
2025-10-30T00:38:09.148265,96.91,16
2025-10-30T00:38:10.148265,97.08,150
2025-10-30T00:38:11.148265,97.01,19
2025-10-30T00:38:12.148265,97.34,65
2025-10-30T00:38:13.148265,97.35,65
2025-10-30T00:38:14.148265,97.07,22
2025-10-30T00:38:15.148265,97.14,3
2025-10-30T00:38:16.148265,97.01,28
2025-10-30T00:38:17.148265,96.98,11
2025-10-30T00:38:18.148265,96.94,20
2025-10-30T00:38:19.148265,97.3,43
2025-10-30T00:38:20.148265,97.09,21
2025-10-30T00:38:21.148265,97.0,57
2025-10-30T00:38:22.148265,97.08,76
2025-10-30T00:38:23.148265,97.11,30
2025-10-30T00:38:24.148265,97.38,29
2025-10-30T00:38:25.148265,97.65,1
2025-10-30T00:38:26.148265,97.78,58
2025-10-30T00:38:27.148265,97.75,7
2025-10-30T00:38:28.148265,97.68,134
2025-10-30T00:38:29.148265,97.59,16
2025-10-30T00:38:30.148265,97.51,23
2025-10-30T00:38:31.148265,97.39,117
2025-10-30T00:38:32.148265,97.49,18
2025-10-30T00:38:33.148265,97.66,60
2025-10-30T00:38:34.148265,97.69,60
2025-10-30T00:38:35.148265,97.97,1
2025-10-30T00:38:36.148265,97.87,12
2025-10-30T00:38:37.148265,97.89,56
2025-10-30T00:38:38.148265,98.19,84
2025-10-30T00:38:39.148265,98.21,221
2025-10-30T00:38:40.148265,98.12,3
2025-10-30T00:38:41.148265,98.17,24
2025-10-30T00:38:42.148265,98.16,18
2025-10-30T00:38:43.148265,98.07,106
2025-10-30T00:38:44.148265,98.29,69
2025-10-30T00:38:45.148265,98.55,7
2025-10-30T00:38:46.148265,98.66,37
2025-10-30T00:38:47.148265,98.66,1
2025-10-30T00:38:48.148265,98.54,64
2025-10-30T00:38:49.148265,98.37,49
2025-10-30T00:38:50.148265,98.49,58
2025-10-30T00:38:51.148265,98.66,98
2025-10-30T00:38:52.148265,98.74,69
2025-10-30T00:38:53.148265,98.79,44
2025-10-30T00:38:54.148265,98.41,18
2025-10-30T00:38:55.148265,98.75,7
2025-10-30T00:38:56.148265,98.74,40
2025-10-30T00:38:57.148265,98.82,45
2025-10-30T00:38:58.148265,98.55,58
2025-10-30T00:38:59.148265,98.34,94
2025-10-30T00:39:00.148265,98.25,36
2025-10-30T00:39:01.148265,98.11,35
2025-10-30T00:39:02.148265,98.11,2
2025-10-30T00:39:03.148265,97.95,114
2025-10-30T00:39:04.148265,98.17,5
2025-10-30T00:39:05.148265,98.11,34
2025-10-30T00:39:06.148265,97.91,190
2025-10-30T00:39:07.148265,97.78,216
2025-10-30T00:39:08.148265,97.88,98
2025-10-30T00:39:09.148265,97.84,42
2025-10-30T00:39:10.148265,97.64,71
2025-10-30T00:39:11.148265,97.86,154
2025-10-30T00:39:12.148265,97.86,3
2025-10-30T00:39:13.148265,97.82,15
2025-10-30T00:39:14.148265,97.89,77
2025-10-30T00:39:15.148265,97.91,35
2025-10-30T00:39:16.148265,97.75,26
2025-10-30T00:39:17.148265,97.58,60
2025-10-30T00:39:18.148265,97.79,47
2025-10-30T00:39:19.148265,97.91,16
2025-10-30T00:39:20.148265,97.82,11
2025-10-30T00:39:21.148265,98.04,82
2025-10-30T00:39:22.148265,97.85,50
2025-10-30T00:39:23.148265,97.81,89
2025-10-30T00:39:24.148265,97.78,59
2025-10-30T00:39:25.148265,97.71,65
2025-10-30T00:39:26.148265,97.75,4
2025-10-30T00:39:27.148265,97.69,28
2025-10-30T00:39:28.148265,97.43,18
2025-10-30T00:39:29.148265,97.51,67
2025-10-30T00:39:30.148265,97.5,61
2025-10-30T00:39:31.148265,97.4,60
2025-10-30T00:39:32.148265,97.65,37
2025-10-30T00:39:33.148265,98.06,76
2025-10-30T00:39:34.148265,98.04,6
2025-10-30T00:39:35.148265,97.92,75
2025-10-30T00:39:36.148265,97.87,73
2025-10-30T00:39:37.148265,98.28,1
2025-10-30T00:39:38.148265,98.33,3
2025-10-30T00:39:39.148265,98.18,62
2025-10-30T00:39:40.148265,98.11,30
2025-10-30T00:39:41.148265,98.07,22
2025-10-30T00:39:42.148265,97.82,22
2025-10-30T00:39:43.148265,97.82,14
2025-10-30T00:39:44.148265,98.02,64
2025-10-30T00:39:45.148265,98.17,12
2025-10-30T00:39:46.148265,98.11,99
2025-10-30T00:39:47.148265,98.11,14
2025-10-30T00:39:48.148265,97.92,8
2025-10-30T00:39:49.148265,97.95,133
2025-10-30T00:39:50.148265,98.11,122
2025-10-30T00:39:51.148265,97.92,67
2025-10-30T00:39:52.148265,97.77,26
2025-10-30T00:39:53.148265,97.85,63
2025-10-30T00:39:54.148265,97.84,23
2025-10-30T00:39:55.148265,97.92,34
2025-10-30T00:39:56.148265,98.02,81
2025-10-30T00:39:57.148265,97.95,199
2025-10-30T00:39:58.148265,98.02,31
2025-10-30T00:39:59.148265,98.0,16
2025-10-30T00:40:00.148265,98.1,40
2025-10-30T00:40:01.148265,97.96,1
2025-10-30T00:40:02.148265,98.04,18
2025-10-30T00:40:03.148265,98.28,48
2025-10-30T00:40:04.148265,98.02,33
2025-10-30T00:40:05.148265,98.08,74
2025-10-30T00:40:06.148265,98.22,71
2025-10-30T00:40:07.148265,98.62,14
2025-10-30T00:40:08.148265,98.82,13
2025-10-30T00:40:09.148265,98.83,21
2025-10-30T00:40:10.148265,99.05,150
2025-10-30T00:40:11.148265,98.71,1
2025-10-30T00:40:12.148265,98.5,64
2025-10-30T00:40:13.148265,98.18,5
2025-10-30T00:40:14.148265,98.04,33
2025-10-30T00:40:15.148265,98.01,3
2025-10-30T00:40:16.148265,98.32,4
2025-10-30T00:40:17.148265,98.31,127
2025-10-30T00:40:18.148265,98.5,60
2025-10-30T00:40:19.148265,98.36,23
2025-10-30T00:40:20.148265,98.44,5
2025-10-30T00:40:21.148265,98.43,7
2025-10-30T00:40:22.148265,98.46,41
2025-10-30T00:40:23.148265,98.39,28
2025-10-30T00:40:24.148265,98.53,15
2025-10-30T00:40:25.148265,98.5,18
2025-10-30T00:40:26.148265,98.6,66
2025-10-30T00:40:27.148265,98.31,19
2025-10-30T00:40:28.148265,98.3,11
2025-10-30T00:40:29.148265,98.38,75
2025-10-30T00:40:30.148265,98.28,8
2025-10-30T00:40:31.148265,98.22,31
2025-10-30T00:40:32.148265,98.02,167
2025-10-30T00:40:33.148265,98.15,11
2025-10-30T00:40:34.148265,98.09,6
2025-10-30T00:40:35.148265,98.23,8
2025-10-30T00:40:36.148265,98.09,59
2025-10-30T00:40:37.148265,97.75,2
2025-10-30T00:40:38.148265,97.84,4
2025-10-30T00:40:39.148265,97.69,14
2025-10-30T00:40:40.148265,97.55,56
2025-10-30T00:40:41.148265,97.73,15
2025-10-30T00:40:42.148265,97.78,25
2025-10-30T00:40:43.148265,97.78,30
2025-10-30T00:40:44.148265,97.78,30
2025-10-30T00:40:45.148265,97.63,81
2025-10-30T00:40:46.148265,97.65,88
2025-10-30T00:40:47.148265,97.67,202
2025-10-30T00:40:48.148265,97.92,23
2025-10-30T00:40:49.148265,98.19,49
2025-10-30T00:40:50.148265,98.03,14
2025-10-30T00:40:51.148265,97.83,83
2025-10-30T00:40:52.148265,97.9,116
2025-10-30T00:40:53.148265,97.91,29
2025-10-30T00:40:54.148265,98.2,88
2025-10-30T00:40:55.148265,98.51,20
2025-10-30T00:40:56.148265,98.72,9
2025-10-30T00:40:57.148265,98.78,42
2025-10-30T00:40:58.148265,98.87,1
2025-10-30T00:40:59.148265,98.69,57
2025-10-30T00:41:00.148265,98.75,10
2025-10-30T00:41:01.148265,98.87,16
2025-10-30T00:41:02.148265,98.91,48
2025-10-30T00:41:03.148265,98.87,14
2025-10-30T00:41:04.148265,98.81,40
2025-10-30T00:41:05.148265,99.01,3
2025-10-30T00:41:06.148265,98.99,11
2025-10-30T00:41:07.148265,99.1,107
2025-10-30T00:41:08.148265,98.82,81
2025-10-30T00:41:09.148265,98.77,79
2025-10-30T00:41:10.148265,99.11,22
2025-10-30T00:41:11.148265,99.09,39
2025-10-30T00:41:12.148265,98.65,34
2025-10-30T00:41:13.148265,98.69,24
2025-10-30T00:41:14.148265,98.76,12
2025-10-30T00:41:15.148265,98.92,113
2025-10-30T00:41:16.148265,98.93,238
2025-10-30T00:41:17.148265,98.86,37
2025-10-30T00:41:18.148265,98.94,182
2025-10-30T00:41:19.148265,98.16,5
2025-10-30T00:41:20.148265,98.07,84
2025-10-30T00:41:21.148265,97.94,124
2025-10-30T00:41:22.148265,98.56,12
2025-10-30T00:41:23.148265,98.79,93
2025-10-30T00:41:24.148265,98.84,91
2025-10-30T00:41:25.148265,98.66,93
2025-10-30T00:41:26.148265,98.78,82
2025-10-30T00:41:27.148265,99.02,59
2025-10-30T00:41:28.148265,99.06,60
2025-10-30T00:41:29.148265,99.04,147
2025-10-30T00:41:30.148265,98.81,10
2025-10-30T00:41:31.148265,98.71,221
2025-10-30T00:41:32.148265,98.88,18
2025-10-30T00:41:33.148265,98.72,33
2025-10-30T00:41:34.148265,98.84,12
2025-10-30T00:41:35.148265,98.92,37
2025-10-30T00:41:36.148265,99.36,11
2025-10-30T00:41:37.148265,99.36,6
2025-10-30T00:41:38.148265,99.27,92
2025-10-30T00:41:39.148265,98.83,19
2025-10-30T00:41:40.148265,99.09,124
2025-10-30T00:41:41.148265,99.13,74
2025-10-30T00:41:42.148265,99.35,161
2025-10-30T00:41:43.148265,99.03,23
2025-10-30T00:41:44.148265,99.22,5
2025-10-30T00:41:45.148265,99.15,17
2025-10-30T00:41:46.148265,99.23,148
2025-10-30T00:41:47.148265,99.32,78
2025-10-30T00:41:48.148265,99.6,9
2025-10-30T00:41:49.148265,99.53,173
2025-10-30T00:41:50.148265,99.37,77
2025-10-30T00:41:51.148265,98.94,12
2025-10-30T00:41:52.148265,98.84,18
2025-10-30T00:41:53.148265,98.77,58
2025-10-30T00:41:54.148265,98.99,148
2025-10-30T00:41:55.148265,99.22,148
2025-10-30T00:41:56.148265,98.72,167
2025-10-30T00:41:57.148265,99.12,1
2025-10-30T00:41:58.148265,98.76,171
2025-10-30T00:41:59.148265,98.49,12
2025-10-30T00:42:00.148265,98.07,7
2025-10-30T00:42:01.148265,97.89,68
2025-10-30T00:42:02.148265,97.93,9
2025-10-30T00:42:03.148265,98.49,108
2025-10-30T00:42:04.148265,98.75,50
2025-10-30T00:42:05.148265,98.91,108
2025-10-30T00:42:06.148265,98.76,14
2025-10-30T00:42:07.148265,98.81,3
2025-10-30T00:42:08.148265,98.81,1
2025-10-30T00:42:09.148265,98.9,24
2025-10-30T00:42:10.148265,98.84,107
2025-10-30T00:42:11.148265,98.32,33
2025-10-30T00:42:12.148265,98.14,5
2025-10-30T00:42:13.148265,98.31,32
2025-10-30T00:42:14.148265,98.5,58
2025-10-30T00:42:15.148265,98.28,8
2025-10-30T00:42:16.148265,98.62,17
2025-10-30T00:42:17.148265,98.79,19
2025-10-30T00:42:18.148265,98.86,9
2025-10-30T00:42:19.148265,98.84,23
2025-10-30T00:42:20.148265,98.81,114
2025-10-30T00:42:21.148265,98.56,4
2025-10-30T00:42:22.148265,98.33,32
2025-10-30T00:42:23.148265,98.18,1
2025-10-30T00:42:24.148265,98.29,110
2025-10-30T00:42:25.148265,98.25,8
2025-10-30T00:42:26.148265,98.36,10
2025-10-30T00:42:27.148265,98.44,59
2025-10-30T00:42:28.148265,98.38,15
2025-10-30T00:42:29.148265,98.07,16
2025-10-30T00:42:30.148265,98.07,42
2025-10-30T00:42:31.148265,98.13,91
2025-10-30T00:42:32.148265,98.24,27
2025-10-30T00:42:33.148265,98.39,17
2025-10-30T00:42:34.148265,98.25,11
2025-10-30T00:42:35.148265,98.02,1
2025-10-30T00:42:36.148265,98.1,4
2025-10-30T00:42:37.148265,98.24,92
2025-10-30T00:42:38.148265,98.17,33
2025-10-30T00:42:39.148265,98.35,54
2025-10-30T00:42:40.148265,98.56,10
2025-10-30T00:42:41.148265,98.69,108
2025-10-30T00:42:42.148265,98.54,15
2025-10-30T00:42:43.148265,98.7,31
2025-10-30T00:42:44.148265,98.72,3
2025-10-30T00:42:45.148265,98.87,69
2025-10-30T00:42:46.148265,98.83,21
2025-10-30T00:42:47.148265,98.76,38
2025-10-30T00:42:48.148265,99.02,40
2025-10-30T00:42:49.148265,98.97,91
2025-10-30T00:42:50.148265,99.06,38
2025-10-30T00:42:51.148265,98.87,100
2025-10-30T00:42:52.148265,98.47,32
2025-10-30T00:42:53.148265,98.53,4
2025-10-30T00:42:54.148265,98.79,34
2025-10-30T00:42:55.148265,98.61,115
2025-10-30T00:42:56.148265,98.7,48
2025-10-30T00:42:57.148265,98.42,6
2025-10-30T00:42:58.148265,98.43,207
2025-10-30T00:42:59.148265,98.31,179
2025-10-30T00:43:00.148265,98.35,27
2025-10-30T00:43:01.148265,98.25,222
2025-10-30T00:43:02.148265,97.63,49
2025-10-30T00:43:03.148265,97.89,89
2025-10-30T00:43:04.148265,97.87,122
2025-10-30T00:43:05.148265,98.3,3
2025-10-30T00:43:06.148265,98.15,19
2025-10-30T00:43:07.148265,98.28,16
2025-10-30T00:43:08.148265,97.89,77
2025-10-30T00:43:09.148265,97.99,48
2025-10-30T00:43:10.148265,97.79,26
2025-10-30T00:43:11.148265,97.76,8
2025-10-30T00:43:12.148265,97.48,140
2025-10-30T00:43:13.148265,97.31,129
2025-10-30T00:43:14.148265,97.23,16
2025-10-30T00:43:15.148265,97.2,38
2025-10-30T00:43:16.148265,97.09,24
2025-10-30T00:43:17.148265,97.26,33
2025-10-30T00:43:18.148265,97.22,16
2025-10-30T00:43:19.148265,97.19,7
2025-10-30T00:43:20.148265,96.96,1
2025-10-30T00:43:21.148265,96.77,110
2025-10-30T00:43:22.148265,96.7,68
2025-10-30T00:43:23.148265,96.82,126
2025-10-30T00:43:24.148265,96.85,85
2025-10-30T00:43:25.148265,96.83,18
2025-10-30T00:43:26.148265,96.79,59
2025-10-30T00:43:27.148265,97.01,5
2025-10-30T00:43:28.148265,97.08,182
2025-10-30T00:43:29.148265,97.0,29
2025-10-30T00:43:30.148265,97.07,26
2025-10-30T00:43:31.148265,96.93,51
2025-10-30T00:43:32.148265,96.98,86
2025-10-30T00:43:33.148265,97.1,67
2025-10-30T00:43:34.148265,97.12,86
2025-10-30T00:43:35.148265,96.73,36
2025-10-30T00:43:36.148265,96.82,35
2025-10-30T00:43:37.148265,96.96,7
2025-10-30T00:43:38.148265,97.2,1
2025-10-30T00:43:39.148265,96.88,10
2025-10-30T00:43:40.148265,97.06,14
2025-10-30T00:43:41.148265,96.74,30
2025-10-30T00:43:42.148265,97.0,16
2025-10-30T00:43:43.148265,96.85,86
2025-10-30T00:43:44.148265,96.57,6
2025-10-30T00:43:45.148265,96.56,1
2025-10-30T00:43:46.148265,96.38,9
2025-10-30T00:43:47.148265,96.57,102
2025-10-30T00:43:48.148265,96.42,8
2025-10-30T00:43:49.148265,96.33,112
2025-10-30T00:43:50.148265,96.33,16
2025-10-30T00:43:51.148265,96.04,24
2025-10-30T00:43:52.148265,96.17,167
2025-10-30T00:43:53.148265,96.38,97
2025-10-30T00:43:54.148265,96.21,15
2025-10-30T00:43:55.148265,95.98,26
2025-10-30T00:43:56.148265,96.31,72
2025-10-30T00:43:57.148265,96.35,1
2025-10-30T00:43:58.148265,96.59,45
2025-10-30T00:43:59.148265,96.44,1
2025-10-30T00:44:00.148265,96.43,18
2025-10-30T00:44:01.148265,96.78,170
2025-10-30T00:44:02.148265,96.65,23
2025-10-30T00:44:03.148265,96.49,21
2025-10-30T00:44:04.148265,96.49,56
2025-10-30T00:44:05.148265,96.71,86
2025-10-30T00:44:06.148265,96.64,35
2025-10-30T00:44:07.148265,96.69,54
2025-10-30T00:44:08.148265,96.79,52
2025-10-30T00:44:09.148265,96.63,46
2025-10-30T00:44:10.148265,96.6,3
2025-10-30T00:44:11.148265,96.69,222
2025-10-30T00:44:12.148265,96.45,15
2025-10-30T00:44:13.148265,96.15,62
2025-10-30T00:44:14.148265,96.28,8
2025-10-30T00:44:15.148265,96.18,72
2025-10-30T00:44:16.148265,96.46,81
2025-10-30T00:44:17.148265,96.25,45
2025-10-30T00:44:18.148265,96.09,63
2025-10-30T00:44:19.148265,95.84,53
2025-10-30T00:44:20.148265,95.99,27
2025-10-30T00:44:21.148265,95.99,24
2025-10-30T00:44:22.148265,96.28,42
2025-10-30T00:44:23.148265,96.35,10
2025-10-30T00:44:24.148265,96.33,38
2025-10-30T00:44:25.148265,96.19,76
2025-10-30T00:44:26.148265,96.43,35
2025-10-30T00:44:27.148265,96.27,93
2025-10-30T00:44:28.148265,96.48,9
2025-10-30T00:44:29.148265,96.15,5
2025-10-30T00:44:30.148265,96.25,82
2025-10-30T00:44:31.148265,96.36,71
2025-10-30T00:44:32.148265,96.48,20
2025-10-30T00:44:33.148265,96.75,4
2025-10-30T00:44:34.148265,96.55,18
2025-10-30T00:44:35.148265,96.8,77
2025-10-30T00:44:36.148265,96.73,17
2025-10-30T00:44:37.148265,96.86,95
2025-10-30T00:44:38.148265,96.48,43
2025-10-30T00:44:39.148265,96.55,144
2025-10-30T00:44:40.148265,96.92,34
2025-10-30T00:44:41.148265,97.1,101
2025-10-30T00:44:42.148265,96.98,2
2025-10-30T00:44:43.148265,97.09,96
2025-10-30T00:44:44.148265,97.17,26
2025-10-30T00:44:45.148265,97.27,42
2025-10-30T00:44:46.148265,97.45,19
2025-10-30T00:44:47.148265,97.33,62
2025-10-30T00:44:48.148265,97.37,49
2025-10-30T00:44:49.148265,97.15,9
2025-10-30T00:44:50.148265,97.14,15
2025-10-30T00:44:51.148265,97.13,71
2025-10-30T00:44:52.148265,97.29,33
2025-10-30T00:44:53.148265,97.58,72
2025-10-30T00:44:54.148265,97.81,50
2025-10-30T00:44:55.148265,97.95,25
2025-10-30T00:44:56.148265,98.14,1
2025-10-30T00:44:57.148265,98.1,11
2025-10-30T00:44:58.148265,98.08,19
2025-10-30T00:44:59.148265,98.1,89
2025-10-30T00:45:00.148265,98.21,49
2025-10-30T00:45:01.148265,98.48,14
2025-10-30T00:45:02.148265,98.42,6
2025-10-30T00:45:03.148265,98.25,24
2025-10-30T00:45:04.148265,98.15,86
2025-10-30T00:45:05.148265,98.09,17
2025-10-30T00:45:06.148265,98.01,45
2025-10-30T00:45:07.148265,98.32,20
2025-10-30T00:45:08.148265,98.81,20
2025-10-30T00:45:09.148265,98.39,115
2025-10-30T00:45:10.148265,98.31,147
2025-10-30T00:45:11.148265,98.41,125
2025-10-30T00:45:12.148265,98.29,64
2025-10-30T00:45:13.148265,98.37,7
2025-10-30T00:45:14.148265,98.34,9
2025-10-30T00:45:15.148265,98.08,22
2025-10-30T00:45:16.148265,98.05,104
2025-10-30T00:45:17.148265,98.01,14
2025-10-30T00:45:18.148265,97.95,261
2025-10-30T00:45:19.148265,97.94,54
2025-10-30T00:45:20.148265,97.92,58
2025-10-30T00:45:21.148265,97.89,26
2025-10-30T00:45:22.148265,97.71,32
2025-10-30T00:45:23.148265,97.88,8
2025-10-30T00:45:24.148265,97.79,17
2025-10-30T00:45:25.148265,97.53,54
2025-10-30T00:45:26.148265,97.45,46
2025-10-30T00:45:27.148265,97.32,7
2025-10-30T00:45:28.148265,97.36,63
2025-10-30T00:45:29.148265,97.28,6
2025-10-30T00:45:30.148265,97.35,11
2025-10-30T00:45:31.148265,97.41,11
2025-10-30T00:45:32.148265,97.39,11
2025-10-30T00:45:33.148265,97.63,60
2025-10-30T00:45:34.148265,97.61,34
2025-10-30T00:45:35.148265,97.66,11
2025-10-30T00:45:36.148265,97.82,1
2025-10-30T00:45:37.148265,97.75,55
2025-10-30T00:45:38.148265,98.06,55
2025-10-30T00:45:39.148265,97.85,8
2025-10-30T00:45:40.148265,98.05,64
2025-10-30T00:45:41.148265,98.18,5
2025-10-30T00:45:42.148265,98.17,223
2025-10-30T00:45:43.148265,98.31,17
2025-10-30T00:45:44.148265,98.22,9
2025-10-30T00:45:45.148265,98.24,2
2025-10-30T00:45:46.148265,98.15,18
2025-10-30T00:45:47.148265,98.49,67
2025-10-30T00:45:48.148265,98.76,2
2025-10-30T00:45:49.148265,98.95,95
2025-10-30T00:45:50.148265,98.89,22
2025-10-30T00:45:51.148265,98.79,28
2025-10-30T00:45:52.148265,98.5,4
2025-10-30T00:45:53.148265,98.22,84
2025-10-30T00:45:54.148265,98.3,163
2025-10-30T00:45:55.148265,98.48,15
2025-10-30T00:45:56.148265,98.19,80
2025-10-30T00:45:57.148265,98.44,52
2025-10-30T00:45:58.148265,98.47,59
2025-10-30T00:45:59.148265,98.38,3
2025-10-30T00:46:00.148265,98.49,26
2025-10-30T00:46:01.148265,98.45,44
2025-10-30T00:46:02.148265,98.55,9
2025-10-30T00:46:03.148265,98.27,23
2025-10-30T00:46:04.148265,98.24,57
2025-10-30T00:46:05.148265,98.28,91
2025-10-30T00:46:06.148265,98.38,126
2025-10-30T00:46:07.148265,98.36,5
2025-10-30T00:46:08.148265,98.31,15
2025-10-30T00:46:09.148265,98.34,18
2025-10-30T00:46:10.148265,98.26,72
2025-10-30T00:46:11.148265,97.98,42
2025-10-30T00:46:12.148265,97.48,55
2025-10-30T00:46:13.148265,97.27,20
2025-10-30T00:46:14.148265,96.97,5
2025-10-30T00:46:15.148265,96.93,54
2025-10-30T00:46:16.148265,96.93,56
2025-10-30T00:46:17.148265,97.11,24
2025-10-30T00:46:18.148265,97.24,220
2025-10-30T00:46:19.148265,97.03,2
2025-10-30T00:46:20.148265,96.96,94
2025-10-30T00:46:21.148265,96.87,95
2025-10-30T00:46:22.148265,96.92,33
2025-10-30T00:46:23.148265,96.86,13
2025-10-30T00:46:24.148265,96.92,12
2025-10-30T00:46:25.148265,96.91,51
2025-10-30T00:46:26.148265,96.79,30
2025-10-30T00:46:27.148265,96.87,80
2025-10-30T00:46:28.148265,96.51,29
2025-10-30T00:46:29.148265,96.63,6
2025-10-30T00:46:30.148265,96.35,5
2025-10-30T00:46:31.148265,96.35,26
2025-10-30T00:46:32.148265,96.35,4
2025-10-30T00:46:33.148265,96.35,46
2025-10-30T00:46:34.148265,96.23,35
2025-10-30T00:46:35.148265,96.12,11
2025-10-30T00:46:36.148265,95.9,22
2025-10-30T00:46:37.148265,95.49,2
2025-10-30T00:46:38.148265,95.53,41
2025-10-30T00:46:39.148265,95.74,48
2025-10-30T00:46:40.148265,95.46,62
2025-10-30T00:46:41.148265,95.51,6
2025-10-30T00:46:42.148265,95.52,20
2025-10-30T00:46:43.148265,95.38,88
2025-10-30T00:46:44.148265,95.53,36
2025-10-30T00:46:45.148265,95.49,60
2025-10-30T00:46:46.148265,95.6,7
2025-10-30T00:46:47.148265,95.63,63
2025-10-30T00:46:48.148265,95.61,47
2025-10-30T00:46:49.148265,95.52,10
2025-10-30T00:46:50.148265,95.69,30
2025-10-30T00:46:51.148265,95.61,76
2025-10-30T00:46:52.148265,95.59,26
2025-10-30T00:46:53.148265,95.5,130
2025-10-30T00:46:54.148265,95.63,73
2025-10-30T00:46:55.148265,95.41,29
2025-10-30T00:46:56.148265,95.15,7
2025-10-30T00:46:57.148265,94.75,34
2025-10-30T00:46:58.148265,94.69,136
2025-10-30T00:46:59.148265,94.68,91
2025-10-30T00:47:00.148265,94.46,127
2025-10-30T00:47:01.148265,94.48,9
2025-10-30T00:47:02.148265,94.21,6
2025-10-30T00:47:03.148265,94.07,24
2025-10-30T00:47:04.148265,93.76,35
2025-10-30T00:47:05.148265,93.53,24
2025-10-30T00:47:06.148265,93.94,71
2025-10-30T00:47:07.148265,93.89,15
2025-10-30T00:47:08.148265,94.38,30
2025-10-30T00:47:09.148265,94.27,7
2025-10-30T00:47:10.148265,94.02,69
2025-10-30T00:47:11.148265,94.17,17
2025-10-30T00:47:12.148265,94.06,62
2025-10-30T00:47:13.148265,93.7,137
2025-10-30T00:47:14.148265,93.62,48
2025-10-30T00:47:15.148265,93.53,17
2025-10-30T00:47:16.148265,93.37,199
2025-10-30T00:47:17.148265,93.6,52
2025-10-30T00:47:18.148265,93.81,59
2025-10-30T00:47:19.148265,93.75,19
2025-10-30T00:47:20.148265,93.88,32
2025-10-30T00:47:21.148265,94.0,42
2025-10-30T00:47:22.148265,93.9,68
2025-10-30T00:47:23.148265,93.73,92
2025-10-30T00:47:24.148265,93.65,82
2025-10-30T00:47:25.148265,94.0,36
2025-10-30T00:47:26.148265,94.1,55
2025-10-30T00:47:27.148265,94.12,11
2025-10-30T00:47:28.148265,94.12,16
2025-10-30T00:47:29.148265,94.01,14
2025-10-30T00:47:30.148265,94.16,17
2025-10-30T00:47:31.148265,93.92,70
2025-10-30T00:47:32.148265,94.26,5
2025-10-30T00:47:33.148265,94.33,101
2025-10-30T00:47:34.148265,94.31,67
2025-10-30T00:47:35.148265,93.93,41
2025-10-30T00:47:36.148265,93.96,80
2025-10-30T00:47:37.148265,94.29,16
2025-10-30T00:47:38.148265,94.07,24
2025-10-30T00:47:39.148265,93.7,156
2025-10-30T00:47:40.148265,93.86,40
2025-10-30T00:47:41.148265,93.84,1
2025-10-30T00:47:42.148265,93.84,75
2025-10-30T00:47:43.148265,94.1,102
2025-10-30T00:47:44.148265,94.3,60
2025-10-30T00:47:45.148265,93.94,52
2025-10-30T00:47:46.148265,93.95,46
2025-10-30T00:47:47.148265,93.71,74
2025-10-30T00:47:48.148265,93.86,9
2025-10-30T00:47:49.148265,93.83,57
2025-10-30T00:47:50.148265,93.87,36
2025-10-30T00:47:51.148265,93.98,23
2025-10-30T00:47:52.148265,93.76,6
2025-10-30T00:47:53.148265,93.86,43
2025-10-30T00:47:54.148265,93.85,61
2025-10-30T00:47:55.148265,94.02,8
2025-10-30T00:47:56.148265,94.11,2
2025-10-30T00:47:57.148265,94.25,134
2025-10-30T00:47:58.148265,94.04,33
2025-10-30T00:47:59.148265,93.86,42
2025-10-30T00:48:00.148265,93.65,19
2025-10-30T00:48:01.148265,93.91,12
2025-10-30T00:48:02.148265,93.94,35
2025-10-30T00:48:03.148265,94.0,26
2025-10-30T00:48:04.148265,93.92,12
2025-10-30T00:48:05.148265,93.9,11
2025-10-30T00:48:06.148265,93.81,12
2025-10-30T00:48:07.148265,93.96,69
2025-10-30T00:48:08.148265,93.34,86
2025-10-30T00:48:09.148265,93.22,198
2025-10-30T00:48:10.148265,93.5,29
2025-10-30T00:48:11.148265,93.52,117
2025-10-30T00:48:12.148265,93.32,159
2025-10-30T00:48:13.148265,93.15,57
2025-10-30T00:48:14.148265,92.97,145
2025-10-30T00:48:15.148265,93.34,24
2025-10-30T00:48:16.148265,93.19,121
2025-10-30T00:48:17.148265,93.15,86
2025-10-30T00:48:18.148265,92.91,29
2025-10-30T00:48:19.148265,93.15,2
2025-10-30T00:48:20.148265,93.25,36
2025-10-30T00:48:21.148265,93.18,148
2025-10-30T00:48:22.148265,93.41,38
2025-10-30T00:48:23.148265,93.82,1
2025-10-30T00:48:24.148265,94.08,74
2025-10-30T00:48:25.148265,94.19,100
2025-10-30T00:48:26.148265,94.11,38
2025-10-30T00:48:27.148265,94.15,60
2025-10-30T00:48:28.148265,94.47,52
2025-10-30T00:48:29.148265,94.42,140
2025-10-30T00:48:30.148265,94.42,30
2025-10-30T00:48:31.148265,94.31,20
2025-10-30T00:48:32.148265,94.36,79
2025-10-30T00:48:33.148265,94.39,40
2025-10-30T00:48:34.148265,94.27,14
2025-10-30T00:48:35.148265,94.21,24
2025-10-30T00:48:36.148265,94.07,1
2025-10-30T00:48:37.148265,93.92,55
2025-10-30T00:48:38.148265,93.66,48
2025-10-30T00:48:39.148265,93.6,70
2025-10-30T00:48:40.148265,93.35,3
2025-10-30T00:48:41.148265,93.2,131
2025-10-30T00:48:42.148265,93.46,17
2025-10-30T00:48:43.148265,93.66,4
2025-10-30T00:48:44.148265,93.68,25
2025-10-30T00:48:45.148265,93.48,54
2025-10-30T00:48:46.148265,93.25,7
2025-10-30T00:48:47.148265,93.29,24
2025-10-30T00:48:48.148265,93.36,161
2025-10-30T00:48:49.148265,93.14,7
2025-10-30T00:48:50.148265,92.96,79
2025-10-30T00:48:51.148265,92.59,65
2025-10-30T00:48:52.148265,92.27,40
2025-10-30T00:48:53.148265,92.59,40
2025-10-30T00:48:54.148265,92.6,45
2025-10-30T00:48:55.148265,92.61,38
2025-10-30T00:48:56.148265,92.76,68
2025-10-30T00:48:57.148265,92.71,116
2025-10-30T00:48:58.148265,92.6,51
2025-10-30T00:48:59.148265,92.76,35
2025-10-30T00:49:00.148265,92.83,90
2025-10-30T00:49:01.148265,92.94,10
2025-10-30T00:49:02.148265,93.08,95
2025-10-30T00:49:03.148265,93.38,95
2025-10-30T00:49:04.148265,93.93,30
2025-10-30T00:49:05.148265,93.68,39
2025-10-30T00:49:06.148265,93.66,5
2025-10-30T00:49:07.148265,93.73,64
2025-10-30T00:49:08.148265,93.56,6
2025-10-30T00:49:09.148265,93.57,53
2025-10-30T00:49:10.148265,93.78,115
2025-10-30T00:49:11.148265,93.93,19
2025-10-30T00:49:12.148265,93.68,18
2025-10-30T00:49:13.148265,93.76,43
2025-10-30T00:49:14.148265,93.6,19
2025-10-30T00:49:15.148265,93.53,27
2025-10-30T00:49:16.148265,93.67,12
2025-10-30T00:49:17.148265,93.67,67
2025-10-30T00:49:18.148265,93.34,7
2025-10-30T00:49:19.148265,93.48,66
2025-10-30T00:49:20.148265,93.63,22
2025-10-30T00:49:21.148265,93.49,18
2025-10-30T00:49:22.148265,93.38,46
2025-10-30T00:49:23.148265,93.34,92
2025-10-30T00:49:24.148265,93.4,38
2025-10-30T00:49:25.148265,93.32,15
2025-10-30T00:49:26.148265,93.38,3
2025-10-30T00:49:27.148265,93.33,1
2025-10-30T00:49:28.148265,93.28,43
2025-10-30T00:49:29.148265,93.28,25
2025-10-30T00:49:30.148265,92.94,40
2025-10-30T00:49:31.148265,92.72,39
2025-10-30T00:49:32.148265,92.93,74
2025-10-30T00:49:33.148265,92.93,22
2025-10-30T00:49:34.148265,92.98,66
2025-10-30T00:49:35.148265,93.3,17
2025-10-30T00:49:36.148265,93.08,25
2025-10-30T00:49:37.148265,93.13,34
2025-10-30T00:49:38.148265,92.94,82
2025-10-30T00:49:39.148265,92.63,47
2025-10-30T00:49:40.148265,92.74,29
2025-10-30T00:49:41.148265,92.93,9
2025-10-30T00:49:42.148265,93.19,171
2025-10-30T00:49:43.148265,93.1,66
2025-10-30T00:49:44.148265,92.93,12
2025-10-30T00:49:45.148265,92.95,33
2025-10-30T00:49:46.148265,93.11,2
2025-10-30T00:49:47.148265,93.18,11
2025-10-30T00:49:48.148265,93.33,31
2025-10-30T00:49:49.148265,93.23,30
2025-10-30T00:49:50.148265,93.73,19
2025-10-30T00:49:51.148265,93.88,60
2025-10-30T00:49:52.148265,93.53,90
2025-10-30T00:49:53.148265,93.48,15
2025-10-30T00:49:54.148265,93.37,53
2025-10-30T00:49:55.148265,93.34,22
2025-10-30T00:49:56.148265,93.14,36
2025-10-30T00:49:57.148265,92.85,23
2025-10-30T00:49:58.148265,93.04,21
2025-10-30T00:49:59.148265,92.92,101
2025-10-30T00:50:00.148265,92.71,46
2025-10-30T00:50:01.148265,92.73,34
2025-10-30T00:50:02.148265,92.8,4
2025-10-30T00:50:03.148265,92.89,51
2025-10-30T00:50:04.148265,92.92,22
2025-10-30T00:50:05.148265,93.04,63
2025-10-30T00:50:06.148265,93.14,83
2025-10-30T00:50:07.148265,93.23,63
2025-10-30T00:50:08.148265,93.02,11
2025-10-30T00:50:09.148265,93.04,8
2025-10-30T00:50:10.148265,93.06,2
2025-10-30T00:50:11.148265,93.03,42
2025-10-30T00:50:12.148265,93.17,1
2025-10-30T00:50:13.148265,93.39,42
2025-10-30T00:50:14.148265,93.53,9
2025-10-30T00:50:15.148265,93.58,158
2025-10-30T00:50:16.148265,93.38,1
2025-10-30T00:50:17.148265,93.24,63
2025-10-30T00:50:18.148265,93.16,4
2025-10-30T00:50:19.148265,93.03,29
2025-10-30T00:50:20.148265,93.4,9
2025-10-30T00:50:21.148265,93.38,88
2025-10-30T00:50:22.148265,93.11,85
2025-10-30T00:50:23.148265,92.91,10
2025-10-30T00:50:24.148265,92.83,64
2025-10-30T00:50:25.148265,92.71,20
2025-10-30T00:50:26.148265,92.47,13
2025-10-30T00:50:27.148265,92.54,24
2025-10-30T00:50:28.148265,92.64,98
2025-10-30T00:50:29.148265,92.72,35
2025-10-30T00:50:30.148265,92.63,5
2025-10-30T00:50:31.148265,92.68,32
2025-10-30T00:50:32.148265,92.64,76
2025-10-30T00:50:33.148265,92.61,34
2025-10-30T00:50:34.148265,92.77,6
2025-10-30T00:50:35.148265,92.91,46
2025-10-30T00:50:36.148265,93.1,74
2025-10-30T00:50:37.148265,92.75,52
2025-10-30T00:50:38.148265,92.57,2
2025-10-30T00:50:39.148265,92.55,37
2025-10-30T00:50:40.148265,92.59,77
2025-10-30T00:50:41.148265,92.92,24
2025-10-30T00:50:42.148265,92.66,71
2025-10-30T00:50:43.148265,92.5,59
2025-10-30T00:50:44.148265,92.58,32
2025-10-30T00:50:45.148265,92.64,13
2025-10-30T00:50:46.148265,92.74,104
2025-10-30T00:50:47.148265,92.62,26
2025-10-30T00:50:48.148265,92.73,77
2025-10-30T00:50:49.148265,93.0,43
2025-10-30T00:50:50.148265,93.02,53
2025-10-30T00:50:51.148265,93.04,58
2025-10-30T00:50:52.148265,92.97,8
2025-10-30T00:50:53.148265,93.13,52
2025-10-30T00:50:54.148265,93.12,27
2025-10-30T00:50:55.148265,93.49,22
2025-10-30T00:50:56.148265,93.44,70
2025-10-30T00:50:57.148265,93.72,26
2025-10-30T00:50:58.148265,93.77,23
2025-10-30T00:50:59.148265,93.56,40
2025-10-30T00:51:00.148265,93.56,21
2025-10-30T00:51:01.148265,93.72,61
2025-10-30T00:51:02.148265,93.69,53
2025-10-30T00:51:03.148265,93.32,68
2025-10-30T00:51:04.148265,93.05,8
2025-10-30T00:51:05.148265,93.15,12
2025-10-30T00:51:06.148265,93.01,39
2025-10-30T00:51:07.148265,93.11,59
2025-10-30T00:51:08.148265,93.08,167
2025-10-30T00:51:09.148265,92.97,1
2025-10-30T00:51:10.148265,93.06,130
2025-10-30T00:51:11.148265,93.12,28
2025-10-30T00:51:12.148265,93.24,4
2025-10-30T00:51:13.148265,93.29,1
2025-10-30T00:51:14.148265,92.89,47
2025-10-30T00:51:15.148265,93.25,36
2025-10-30T00:51:16.148265,93.19,145
2025-10-30T00:51:17.148265,92.95,85
2025-10-30T00:51:18.148265,92.82,11
2025-10-30T00:51:19.148265,92.67,53
2025-10-30T00:51:20.148265,92.72,1
2025-10-30T00:51:21.148265,92.58,45
2025-10-30T00:51:22.148265,92.45,9
2025-10-30T00:51:23.148265,92.44,1
2025-10-30T00:51:24.148265,92.44,8
2025-10-30T00:51:25.148265,92.44,287
2025-10-30T00:51:26.148265,92.47,25
2025-10-30T00:51:27.148265,92.3,44
2025-10-30T00:51:28.148265,92.0,3
2025-10-30T00:51:29.148265,91.97,4
2025-10-30T00:51:30.148265,91.9,123
2025-10-30T00:51:31.148265,92.24,21
2025-10-30T00:51:32.148265,92.38,46
2025-10-30T00:51:33.148265,92.35,10
2025-10-30T00:51:34.148265,92.57,15
2025-10-30T00:51:35.148265,92.47,26
2025-10-30T00:51:36.148265,92.53,17
2025-10-30T00:51:37.148265,92.57,146
2025-10-30T00:51:38.148265,92.72,104
2025-10-30T00:51:39.148265,92.28,83
2025-10-30T00:51:40.148265,92.03,169
2025-10-30T00:51:41.148265,91.9,41
2025-10-30T00:51:42.148265,91.94,162
2025-10-30T00:51:43.148265,91.63,30
2025-10-30T00:51:44.148265,91.39,1
2025-10-30T00:51:45.148265,91.45,6
2025-10-30T00:51:46.148265,91.69,257
2025-10-30T00:51:47.148265,91.8,56
2025-10-30T00:51:48.148265,91.82,155
2025-10-30T00:51:49.148265,91.98,36
2025-10-30T00:51:50.148265,92.33,14
2025-10-30T00:51:51.148265,92.35,4
2025-10-30T00:51:52.148265,92.19,3
2025-10-30T00:51:53.148265,91.89,133
2025-10-30T00:51:54.148265,91.72,112
2025-10-30T00:51:55.148265,91.75,15
2025-10-30T00:51:56.148265,92.01,120
2025-10-30T00:51:57.148265,91.92,34
2025-10-30T00:51:58.148265,92.01,103
2025-10-30T00:51:59.148265,92.3,11
2025-10-30T00:52:00.148265,92.34,48
2025-10-30T00:52:01.148265,92.47,8
2025-10-30T00:52:02.148265,92.8,56
2025-10-30T00:52:03.148265,93.06,54
2025-10-30T00:52:04.148265,92.82,38
2025-10-30T00:52:05.148265,92.61,2
2025-10-30T00:52:06.148265,92.35,33
2025-10-30T00:52:07.148265,92.38,211
2025-10-30T00:52:08.148265,92.68,33
2025-10-30T00:52:09.148265,92.45,208
2025-10-30T00:52:10.148265,92.58,12
2025-10-30T00:52:11.148265,92.5,42
2025-10-30T00:52:12.148265,92.81,32
2025-10-30T00:52:13.148265,92.92,38
2025-10-30T00:52:14.148265,92.73,57
2025-10-30T00:52:15.148265,92.73,9
2025-10-30T00:52:16.148265,93.01,30
2025-10-30T00:52:17.148265,92.97,58
2025-10-30T00:52:18.148265,93.1,43
2025-10-30T00:52:19.148265,93.11,19
2025-10-30T00:52:20.148265,93.0,39
2025-10-30T00:52:21.148265,92.91,13
2025-10-30T00:52:22.148265,92.66,22
2025-10-30T00:52:23.148265,92.71,34
2025-10-30T00:52:24.148265,92.78,23
2025-10-30T00:52:25.148265,93.06,96
2025-10-30T00:52:26.148265,93.04,7
2025-10-30T00:52:27.148265,93.16,42
2025-10-30T00:52:28.148265,93.17,15
2025-10-30T00:52:29.148265,93.25,13
2025-10-30T00:52:30.148265,93.08,7
2025-10-30T00:52:31.148265,93.16,159
2025-10-30T00:52:32.148265,93.36,9
2025-10-30T00:52:33.148265,93.63,34
2025-10-30T00:52:34.148265,93.99,36
2025-10-30T00:52:35.148265,93.98,63
2025-10-30T00:52:36.148265,94.01,41
2025-10-30T00:52:37.148265,93.86,41
2025-10-30T00:52:38.148265,93.63,3
2025-10-30T00:52:39.148265,93.8,84
2025-10-30T00:52:40.148265,93.54,29
2025-10-30T00:52:41.148265,93.58,20
2025-10-30T00:52:42.148265,93.43,134
2025-10-30T00:52:43.148265,93.61,14
2025-10-30T00:52:44.148265,93.7,101
2025-10-30T00:52:45.148265,93.71,164
2025-10-30T00:52:46.148265,93.79,52
2025-10-30T00:52:47.148265,94.02,9
2025-10-30T00:52:48.148265,94.05,55
2025-10-30T00:52:49.148265,93.88,33
2025-10-30T00:52:50.148265,93.85,23
2025-10-30T00:52:51.148265,93.46,16
2025-10-30T00:52:52.148265,93.39,9
2025-10-30T00:52:53.148265,93.31,82
2025-10-30T00:52:54.148265,93.17,42
2025-10-30T00:52:55.148265,93.39,94
2025-10-30T00:52:56.148265,93.49,12
2025-10-30T00:52:57.148265,93.54,19
2025-10-30T00:52:58.148265,93.5,51
2025-10-30T00:52:59.148265,93.64,15
2025-10-30T00:53:00.148265,93.29,22
2025-10-30T00:53:01.148265,93.42,44
2025-10-30T00:53:02.148265,93.61,10
2025-10-30T00:53:03.148265,93.57,1
2025-10-30T00:53:04.148265,93.53,141
2025-10-30T00:53:05.148265,93.26,60
2025-10-30T00:53:06.148265,93.36,5
2025-10-30T00:53:07.148265,93.41,3
2025-10-30T00:53:08.148265,93.58,1
2025-10-30T00:53:09.148265,93.42,25
2025-10-30T00:53:10.148265,93.43,15
2025-10-30T00:53:11.148265,93.35,8
2025-10-30T00:53:12.148265,93.13,18
2025-10-30T00:53:13.148265,92.81,14
2025-10-30T00:53:14.148265,92.75,7
2025-10-30T00:53:15.148265,93.0,91
2025-10-30T00:53:16.148265,93.27,98
2025-10-30T00:53:17.148265,93.32,19
2025-10-30T00:53:18.148265,92.82,38
2025-10-30T00:53:19.148265,92.9,15
2025-10-30T00:53:20.148265,92.44,59
2025-10-30T00:53:21.148265,92.61,9
2025-10-30T00:53:22.148265,92.4,50
2025-10-30T00:53:23.148265,92.25,41
2025-10-30T00:53:24.148265,91.99,18
2025-10-30T00:53:25.148265,91.95,21
2025-10-30T00:53:26.148265,91.63,29
2025-10-30T00:53:27.148265,91.55,22
2025-10-30T00:53:28.148265,91.54,1
2025-10-30T00:53:29.148265,91.7,84
2025-10-30T00:53:30.148265,91.8,31
2025-10-30T00:53:31.148265,91.66,1
2025-10-30T00:53:32.148265,92.05,32
2025-10-30T00:53:33.148265,91.84,1
2025-10-30T00:53:34.148265,91.7,13
2025-10-30T00:53:35.148265,91.76,1
2025-10-30T00:53:36.148265,91.63,41
2025-10-30T00:53:37.148265,91.76,25
2025-10-30T00:53:38.148265,91.92,24
2025-10-30T00:53:39.148265,92.18,23
2025-10-30T00:53:40.148265,92.16,13
2025-10-30T00:53:41.148265,92.35,72
2025-10-30T00:53:42.148265,92.63,57
2025-10-30T00:53:43.148265,92.45,16
2025-10-30T00:53:44.148265,92.44,26
2025-10-30T00:53:45.148265,92.1,96
2025-10-30T00:53:46.148265,92.16,50
2025-10-30T00:53:47.148265,92.3,48
2025-10-30T00:53:48.148265,92.26,10
2025-10-30T00:53:49.148265,92.52,1
2025-10-30T00:53:50.148265,92.74,10
2025-10-30T00:53:51.148265,92.81,5
2025-10-30T00:53:52.148265,92.77,64
2025-10-30T00:53:53.148265,93.06,13
2025-10-30T00:53:54.148265,93.19,20
2025-10-30T00:53:55.148265,93.37,18
2025-10-30T00:53:56.148265,93.57,31
2025-10-30T00:53:57.148265,92.94,78
2025-10-30T00:53:58.148265,92.77,151
2025-10-30T00:53:59.148265,93.08,2
2025-10-30T00:54:00.148265,93.09,31
2025-10-30T00:54:01.148265,93.02,10
2025-10-30T00:54:02.148265,93.21,88
2025-10-30T00:54:03.148265,92.92,6
2025-10-30T00:54:04.148265,92.94,73
2025-10-30T00:54:05.148265,92.8,29
2025-10-30T00:54:06.148265,92.8,30
2025-10-30T00:54:07.148265,92.75,73
2025-10-30T00:54:08.148265,92.23,32
2025-10-30T00:54:09.148265,92.16,57
2025-10-30T00:54:10.148265,92.1,49
2025-10-30T00:54:11.148265,92.25,2
2025-10-30T00:54:12.148265,92.46,14
2025-10-30T00:54:13.148265,92.37,50
2025-10-30T00:54:14.148265,92.49,99
2025-10-30T00:54:15.148265,92.86,12
2025-10-30T00:54:16.148265,93.06,19
2025-10-30T00:54:17.148265,93.23,9
2025-10-30T00:54:18.148265,93.21,77
2025-10-30T00:54:19.148265,93.3,1
2025-10-30T00:54:20.148265,93.62,32
2025-10-30T00:54:21.148265,93.71,45
2025-10-30T00:54:22.148265,93.65,8
2025-10-30T00:54:23.148265,93.71,4
2025-10-30T00:54:24.148265,93.39,290
2025-10-30T00:54:25.148265,93.1,49
2025-10-30T00:54:26.148265,93.35,60
2025-10-30T00:54:27.148265,93.45,78
2025-10-30T00:54:28.148265,93.55,199
2025-10-30T00:54:29.148265,93.65,77
2025-10-30T00:54:30.148265,93.66,28
2025-10-30T00:54:31.148265,93.32,10
2025-10-30T00:54:32.148265,93.25,7
2025-10-30T00:54:33.148265,93.09,114
2025-10-30T00:54:34.148265,92.89,17
2025-10-30T00:54:35.148265,92.91,59
2025-10-30T00:54:36.148265,92.95,21
2025-10-30T00:54:37.148265,93.06,65
2025-10-30T00:54:38.148265,93.0,122
2025-10-30T00:54:39.148265,93.35,40
2025-10-30T00:54:40.148265,93.45,17
2025-10-30T00:54:41.148265,93.5,15
2025-10-30T00:54:42.148265,93.5,50
2025-10-30T00:54:43.148265,93.51,23
2025-10-30T00:54:44.148265,93.52,97
2025-10-30T00:54:45.148265,93.55,74
2025-10-30T00:54:46.148265,93.57,53
2025-10-30T00:54:47.148265,93.87,38
2025-10-30T00:54:48.148265,93.7,34
2025-10-30T00:54:49.148265,93.85,40
2025-10-30T00:54:50.148265,93.72,51
2025-10-30T00:54:51.148265,93.61,5
2025-10-30T00:54:52.148265,93.54,90
2025-10-30T00:54:53.148265,93.53,6
2025-10-30T00:54:54.148265,93.62,33
2025-10-30T00:54:55.148265,93.53,5
2025-10-30T00:54:56.148265,93.21,53
2025-10-30T00:54:57.148265,93.06,37
2025-10-30T00:54:58.148265,93.02,22
2025-10-30T00:54:59.148265,92.88,46
2025-10-30T00:55:00.148265,93.27,11
2025-10-30T00:55:01.148265,93.46,33
2025-10-30T00:55:02.148265,93.52,80
2025-10-30T00:55:03.148265,93.47,3
2025-10-30T00:55:04.148265,93.06,26
2025-10-30T00:55:05.148265,92.9,23
2025-10-30T00:55:06.148265,92.81,15
2025-10-30T00:55:07.148265,92.48,2
2025-10-30T00:55:08.148265,92.62,144
2025-10-30T00:55:09.148265,92.69,161
2025-10-30T00:55:10.148265,92.93,37
2025-10-30T00:55:11.148265,93.1,10
2025-10-30T00:55:12.148265,92.96,49
2025-10-30T00:55:13.148265,92.94,9
2025-10-30T00:55:14.148265,92.94,5
2025-10-30T00:55:15.148265,92.75,50
2025-10-30T00:55:16.148265,92.62,54
2025-10-30T00:55:17.148265,92.78,107
2025-10-30T00:55:18.148265,92.84,25
2025-10-30T00:55:19.148265,92.94,20
2025-10-30T00:55:20.148265,93.3,29
2025-10-30T00:55:21.148265,93.86,21
2025-10-30T00:55:22.148265,93.63,19
2025-10-30T00:55:23.148265,94.16,23
2025-10-30T00:55:24.148265,94.18,64
2025-10-30T00:55:25.148265,93.98,46
2025-10-30T00:55:26.148265,93.86,72
2025-10-30T00:55:27.148265,93.81,130
2025-10-30T00:55:28.148265,93.8,29
2025-10-30T00:55:29.148265,94.28,25
2025-10-30T00:55:30.148265,94.2,45
2025-10-30T00:55:31.148265,93.67,36
2025-10-30T00:55:32.148265,93.83,17
2025-10-30T00:55:33.148265,93.82,12
2025-10-30T00:55:34.148265,93.84,86
2025-10-30T00:55:35.148265,93.81,58
2025-10-30T00:55:36.148265,93.77,40
2025-10-30T00:55:37.148265,94.01,130
2025-10-30T00:55:38.148265,94.04,21
2025-10-30T00:55:39.148265,94.08,7
2025-10-30T00:55:40.148265,93.91,13
2025-10-30T00:55:41.148265,94.09,83
2025-10-30T00:55:42.148265,94.25,124
2025-10-30T00:55:43.148265,94.35,66
2025-10-30T00:55:44.148265,94.29,9
2025-10-30T00:55:45.148265,93.96,87
2025-10-30T00:55:46.148265,93.87,119
2025-10-30T00:55:47.148265,93.64,45
2025-10-30T00:55:48.148265,93.55,42
2025-10-30T00:55:49.148265,93.84,4
2025-10-30T00:55:50.148265,94.14,21
2025-10-30T00:55:51.148265,94.25,84
2025-10-30T00:55:52.148265,93.92,101
2025-10-30T00:55:53.148265,94.11,12
2025-10-30T00:55:54.148265,93.96,1
2025-10-30T00:55:55.148265,93.75,75
2025-10-30T00:55:56.148265,93.63,2
2025-10-30T00:55:57.148265,93.74,38
2025-10-30T00:55:58.148265,93.87,12
2025-10-30T00:55:59.148265,94.05,2
2025-10-30T00:56:00.148265,94.03,29
2025-10-30T00:56:01.148265,93.84,45
2025-10-30T00:56:02.148265,93.71,17
2025-10-30T00:56:03.148265,93.71,25
2025-10-30T00:56:04.148265,93.76,42
2025-10-30T00:56:05.148265,93.82,2
2025-10-30T00:56:06.148265,93.76,34
2025-10-30T00:56:07.148265,93.81,74
2025-10-30T00:56:08.148265,93.88,40
2025-10-30T00:56:09.148265,93.95,33
2025-10-30T00:56:10.148265,93.88,47
2025-10-30T00:56:11.148265,93.78,66
2025-10-30T00:56:12.148265,93.78,74
2025-10-30T00:56:13.148265,93.85,19
2025-10-30T00:56:14.148265,93.92,55
2025-10-30T00:56:15.148265,93.88,27
2025-10-30T00:56:16.148265,93.78,45
2025-10-30T00:56:17.148265,93.91,1
2025-10-30T00:56:18.148265,93.72,47
2025-10-30T00:56:19.148265,94.24,231
2025-10-30T00:56:20.148265,94.14,2
2025-10-30T00:56:21.148265,94.18,85
2025-10-30T00:56:22.148265,94.24,70
2025-10-30T00:56:23.148265,94.41,95
2025-10-30T00:56:24.148265,94.46,148
2025-10-30T00:56:25.148265,94.5,130
2025-10-30T00:56:26.148265,94.74,1
2025-10-30T00:56:27.148265,94.48,59
2025-10-30T00:56:28.148265,94.64,1
2025-10-30T00:56:29.148265,94.77,11
2025-10-30T00:56:30.148265,94.65,37
2025-10-30T00:56:31.148265,94.62,14
2025-10-30T00:56:32.148265,94.32,7
2025-10-30T00:56:33.148265,94.35,59
2025-10-30T00:56:34.148265,94.6,54
2025-10-30T00:56:35.148265,94.63,2
2025-10-30T00:56:36.148265,94.7,77
2025-10-30T00:56:37.148265,94.84,48
2025-10-30T00:56:38.148265,95.1,1
2025-10-30T00:56:39.148265,95.19,24
2025-10-30T00:56:40.148265,95.14,53
2025-10-30T00:56:41.148265,95.51,99
2025-10-30T00:56:42.148265,95.89,52
2025-10-30T00:56:43.148265,95.94,13
2025-10-30T00:56:44.148265,95.56,5
2025-10-30T00:56:45.148265,95.92,18
2025-10-30T00:56:46.148265,96.08,10
2025-10-30T00:56:47.148265,95.9,34
2025-10-30T00:56:48.148265,95.48,1
2025-10-30T00:56:49.148265,95.59,14
2025-10-30T00:56:50.148265,95.42,24
2025-10-30T00:56:51.148265,95.39,8
2025-10-30T00:56:52.148265,95.29,49
2025-10-30T00:56:53.148265,95.44,13
2025-10-30T00:56:54.148265,95.66,83
2025-10-30T00:56:55.148265,95.63,49
2025-10-30T00:56:56.148265,95.92,84
2025-10-30T00:56:57.148265,95.64,1
2025-10-30T00:56:58.148265,95.49,8
2025-10-30T00:56:59.148265,95.44,113
2025-10-30T00:57:00.148265,95.39,24
2025-10-30T00:57:01.148265,95.32,161
2025-10-30T00:57:02.148265,95.12,12
2025-10-30T00:57:03.148265,94.95,13
2025-10-30T00:57:04.148265,95.24,120
2025-10-30T00:57:05.148265,95.65,19
2025-10-30T00:57:06.148265,95.52,7
2025-10-30T00:57:07.148265,95.49,38
2025-10-30T00:57:08.148265,95.61,18
2025-10-30T00:57:09.148265,95.25,61
2025-10-30T00:57:10.148265,95.15,272
2025-10-30T00:57:11.148265,95.13,186
2025-10-30T00:57:12.148265,95.4,124
2025-10-30T00:57:13.148265,95.75,19
2025-10-30T00:57:14.148265,95.31,6
2025-10-30T00:57:15.148265,95.15,19
2025-10-30T00:57:16.148265,95.37,72
2025-10-30T00:57:17.148265,95.16,106
2025-10-30T00:57:18.148265,94.99,29
2025-10-30T00:57:19.148265,95.09,135
2025-10-30T00:57:20.148265,95.44,15
2025-10-30T00:57:21.148265,95.17,75
2025-10-30T00:57:22.148265,95.27,71
2025-10-30T00:57:23.148265,95.35,47
2025-10-30T00:57:24.148265,95.32,13
2025-10-30T00:57:25.148265,95.57,13
2025-10-30T00:57:26.148265,95.5,58
2025-10-30T00:57:27.148265,95.33,32
2025-10-30T00:57:28.148265,95.07,62
2025-10-30T00:57:29.148265,95.07,23
2025-10-30T00:57:30.148265,95.2,7
2025-10-30T00:57:31.148265,95.02,10
2025-10-30T00:57:32.148265,95.34,1
2025-10-30T00:57:33.148265,95.41,15
2025-10-30T00:57:34.148265,95.14,222
2025-10-30T00:57:35.148265,95.3,70
2025-10-30T00:57:36.148265,95.7,212
2025-10-30T00:57:37.148265,95.88,100
2025-10-30T00:57:38.148265,95.71,30
2025-10-30T00:57:39.148265,95.72,14
2025-10-30T00:57:40.148265,95.67,66
2025-10-30T00:57:41.148265,95.7,23
2025-10-30T00:57:42.148265,95.6,67
2025-10-30T00:57:43.148265,95.84,45
2025-10-30T00:57:44.148265,95.45,77
2025-10-30T00:57:45.148265,95.39,36
2025-10-30T00:57:46.148265,95.05,2
2025-10-30T00:57:47.148265,95.16,274
2025-10-30T00:57:48.148265,94.97,66
2025-10-30T00:57:49.148265,94.95,40
2025-10-30T00:57:50.148265,94.68,2
2025-10-30T00:57:51.148265,94.65,17
2025-10-30T00:57:52.148265,94.52,87
2025-10-30T00:57:53.148265,94.62,30
2025-10-30T00:57:54.148265,94.39,2
2025-10-30T00:57:55.148265,94.51,36
2025-10-30T00:57:56.148265,94.73,30
2025-10-30T00:57:57.148265,95.01,64
2025-10-30T00:57:58.148265,95.26,138
2025-10-30T00:57:59.148265,95.48,59
2025-10-30T00:58:00.148265,95.61,29
2025-10-30T00:58:01.148265,95.76,9
2025-10-30T00:58:02.148265,95.5,11
2025-10-30T00:58:03.148265,95.34,30
2025-10-30T00:58:04.148265,95.34,118
2025-10-30T00:58:05.148265,95.63,79
2025-10-30T00:58:06.148265,95.61,6
2025-10-30T00:58:07.148265,95.51,29
2025-10-30T00:58:08.148265,95.36,24
2025-10-30T00:58:09.148265,95.54,78
2025-10-30T00:58:10.148265,95.07,23
2025-10-30T00:58:11.148265,95.04,23
2025-10-30T00:58:12.148265,95.09,41
2025-10-30T00:58:13.148265,94.67,53
2025-10-30T00:58:14.148265,94.89,9
2025-10-30T00:58:15.148265,95.2,62
2025-10-30T00:58:16.148265,95.06,73
2025-10-30T00:58:17.148265,95.14,29
2025-10-30T00:58:18.148265,95.07,7
2025-10-30T00:58:19.148265,95.0,11
2025-10-30T00:58:20.148265,94.9,30
2025-10-30T00:58:21.148265,94.8,96
2025-10-30T00:58:22.148265,94.78,107
2025-10-30T00:58:23.148265,94.77,13
2025-10-30T00:58:24.148265,94.59,26
2025-10-30T00:58:25.148265,94.48,4
2025-10-30T00:58:26.148265,94.37,39
2025-10-30T00:58:27.148265,94.29,48
2025-10-30T00:58:28.148265,93.96,2
2025-10-30T00:58:29.148265,93.84,8
2025-10-30T00:58:30.148265,93.81,96
2025-10-30T00:58:31.148265,93.77,54
2025-10-30T00:58:32.148265,93.85,126
2025-10-30T00:58:33.148265,93.72,2
2025-10-30T00:58:34.148265,93.62,55
2025-10-30T00:58:35.148265,93.68,47
2025-10-30T00:58:36.148265,93.59,77
2025-10-30T00:58:37.148265,93.36,9
2025-10-30T00:58:38.148265,93.12,134
2025-10-30T00:58:39.148265,93.19,4
2025-10-30T00:58:40.148265,93.14,23
2025-10-30T00:58:41.148265,93.31,3
2025-10-30T00:58:42.148265,93.1,17
2025-10-30T00:58:43.148265,93.2,7
2025-10-30T00:58:44.148265,93.15,37
2025-10-30T00:58:45.148265,93.01,37
2025-10-30T00:58:46.148265,92.92,5
2025-10-30T00:58:47.148265,92.68,65
2025-10-30T00:58:48.148265,92.3,33
2025-10-30T00:58:49.148265,91.91,58
2025-10-30T00:58:50.148265,92.4,16
2025-10-30T00:58:51.148265,92.18,46
2025-10-30T00:58:52.148265,92.09,265
2025-10-30T00:58:53.148265,92.3,21
2025-10-30T00:58:54.148265,92.46,36
2025-10-30T00:58:55.148265,92.63,49
2025-10-30T00:58:56.148265,92.51,47
2025-10-30T00:58:57.148265,92.52,61
2025-10-30T00:58:58.148265,92.53,1
2025-10-30T00:58:59.148265,92.53,49
2025-10-30T00:59:00.148265,92.8,80
2025-10-30T00:59:01.148265,93.04,344
2025-10-30T00:59:02.148265,92.9,41
2025-10-30T00:59:03.148265,92.99,50
2025-10-30T00:59:04.148265,93.11,16
2025-10-30T00:59:05.148265,93.12,78
2025-10-30T00:59:06.148265,93.04,19
2025-10-30T00:59:07.148265,93.25,1
2025-10-30T00:59:08.148265,93.18,64
2025-10-30T00:59:09.148265,93.02,47
2025-10-30T00:59:10.148265,93.13,20
2025-10-30T00:59:11.148265,93.15,20
2025-10-30T00:59:12.148265,92.96,79
2025-10-30T00:59:13.148265,92.59,51
2025-10-30T00:59:14.148265,92.33,111
2025-10-30T00:59:15.148265,92.36,38
2025-10-30T00:59:16.148265,92.2,26
2025-10-30T00:59:17.148265,92.48,67
2025-10-30T00:59:18.148265,92.56,64
2025-10-30T00:59:19.148265,92.43,18
2025-10-30T00:59:20.148265,92.31,57
2025-10-30T00:59:21.148265,92.28,80
2025-10-30T00:59:22.148265,92.41,174
2025-10-30T00:59:23.148265,92.3,16
2025-10-30T00:59:24.148265,92.82,49
2025-10-30T00:59:25.148265,92.92,92
2025-10-30T00:59:26.148265,92.75,45
2025-10-30T00:59:27.148265,92.67,99
2025-10-30T00:59:28.148265,92.67,18
2025-10-30T00:59:29.148265,92.38,1
2025-10-30T00:59:30.148265,92.19,13
2025-10-30T00:59:31.148265,92.3,30
2025-10-30T00:59:32.148265,92.42,17
2025-10-30T00:59:33.148265,92.38,5
2025-10-30T00:59:34.148265,92.45,122
2025-10-30T00:59:35.148265,92.14,29
2025-10-30T00:59:36.148265,92.35,34
2025-10-30T00:59:37.148265,92.38,10
2025-10-30T00:59:38.148265,92.65,37
2025-10-30T00:59:39.148265,92.51,74
2025-10-30T00:59:40.148265,92.74,86
2025-10-30T00:59:41.148265,93.03,139
2025-10-30T00:59:42.148265,92.99,64
2025-10-30T00:59:43.148265,92.9,30
2025-10-30T00:59:44.148265,92.85,1
2025-10-30T00:59:45.148265,92.63,134
2025-10-30T00:59:46.148265,92.53,4
2025-10-30T00:59:47.148265,92.3,31
2025-10-30T00:59:48.148265,92.51,53
2025-10-30T00:59:49.148265,92.57,18
2025-10-30T00:59:50.148265,92.43,111
2025-10-30T00:59:51.148265,92.36,19
2025-10-30T00:59:52.148265,92.41,19
2025-10-30T00:59:53.148265,92.55,29
2025-10-30T00:59:54.148265,92.63,15
2025-10-30T00:59:55.148265,92.7,1
2025-10-30T00:59:56.148265,92.54,11
2025-10-30T00:59:57.148265,92.38,21
2025-10-30T00:59:58.148265,92.34,60
2025-10-30T00:59:59.148265,92.43,16
2025-10-30T01:00:00.148265,92.43,47
2025-10-30T01:00:01.148265,92.5,20
2025-10-30T01:00:02.148265,92.41,31
2025-10-30T01:00:03.148265,92.44,56
2025-10-30T01:00:04.148265,92.49,27
2025-10-30T01:00:05.148265,92.53,9
2025-10-30T01:00:06.148265,92.33,90
2025-10-30T01:00:07.148265,92.19,60
2025-10-30T01:00:08.148265,92.07,85
2025-10-30T01:00:09.148265,91.96,62
2025-10-30T01:00:10.148265,91.85,181
2025-10-30T01:00:11.148265,91.65,70
2025-10-30T01:00:12.148265,91.55,83
2025-10-30T01:00:13.148265,91.57,126
2025-10-30T01:00:14.148265,91.37,57
2025-10-30T01:00:15.148265,91.41,61
2025-10-30T01:00:16.148265,91.28,12
2025-10-30T01:00:17.148265,91.31,98
2025-10-30T01:00:18.148265,91.01,24
2025-10-30T01:00:19.148265,90.74,60
2025-10-30T01:00:20.148265,90.58,107
2025-10-30T01:00:21.148265,90.3,30
2025-10-30T01:00:22.148265,90.5,21
2025-10-30T01:00:23.148265,90.54,30
2025-10-30T01:00:24.148265,90.69,46
2025-10-30T01:00:25.148265,90.96,6
2025-10-30T01:00:26.148265,91.23,79
2025-10-30T01:00:27.148265,91.43,19
2025-10-30T01:00:28.148265,91.24,38
2025-10-30T01:00:29.148265,90.98,25
2025-10-30T01:00:30.148265,90.76,39
2025-10-30T01:00:31.148265,90.89,182
2025-10-30T01:00:32.148265,90.77,84
2025-10-30T01:00:33.148265,90.88,44
2025-10-30T01:00:34.148265,90.92,77
2025-10-30T01:00:35.148265,90.73,39
2025-10-30T01:00:36.148265,90.75,4
2025-10-30T01:00:37.148265,91.02,133
2025-10-30T01:00:38.148265,90.83,44
2025-10-30T01:00:39.148265,90.74,31
2025-10-30T01:00:40.148265,90.42,9
2025-10-30T01:00:41.148265,90.31,156
2025-10-30T01:00:42.148265,90.39,84
2025-10-30T01:00:43.148265,90.43,73
2025-10-30T01:00:44.148265,90.28,53
2025-10-30T01:00:45.148265,90.43,4
2025-10-30T01:00:46.148265,90.58,116
2025-10-30T01:00:47.148265,90.23,50
2025-10-30T01:00:48.148265,90.33,8
2025-10-30T01:00:49.148265,90.33,37
2025-10-30T01:00:50.148265,90.15,10
2025-10-30T01:00:51.148265,90.3,57
2025-10-30T01:00:52.148265,90.2,122
2025-10-30T01:00:53.148265,90.41,18
2025-10-30T01:00:54.148265,90.59,202
2025-10-30T01:00:55.148265,90.52,21
2025-10-30T01:00:56.148265,90.54,214
2025-10-30T01:00:57.148265,90.55,25
2025-10-30T01:00:58.148265,90.66,23
2025-10-30T01:00:59.148265,90.77,39
2025-10-30T01:01:00.148265,91.04,85
2025-10-30T01:01:01.148265,91.13,22
2025-10-30T01:01:02.148265,91.36,13
2025-10-30T01:01:03.148265,91.08,60
2025-10-30T01:01:04.148265,90.95,24
2025-10-30T01:01:05.148265,91.05,24
2025-10-30T01:01:06.148265,90.79,32
2025-10-30T01:01:07.148265,90.72,10
2025-10-30T01:01:08.148265,90.41,91
2025-10-30T01:01:09.148265,90.68,8
2025-10-30T01:01:10.148265,90.95,7
2025-10-30T01:01:11.148265,90.95,3
2025-10-30T01:01:12.148265,91.24,33
2025-10-30T01:01:13.148265,91.27,28
2025-10-30T01:01:14.148265,91.35,51
2025-10-30T01:01:15.148265,91.35,26
2025-10-30T01:01:16.148265,91.04,46
2025-10-30T01:01:17.148265,91.13,27
2025-10-30T01:01:18.148265,91.22,40
2025-10-30T01:01:19.148265,91.42,29
2025-10-30T01:01:20.148265,91.35,46
2025-10-30T01:01:21.148265,91.44,43
2025-10-30T01:01:22.148265,91.52,34
2025-10-30T01:01:23.148265,91.41,26
2025-10-30T01:01:24.148265,91.24,191
2025-10-30T01:01:25.148265,91.19,41
2025-10-30T01:01:26.148265,91.16,32
2025-10-30T01:01:27.148265,91.07,58
2025-10-30T01:01:28.148265,91.26,205
2025-10-30T01:01:29.148265,91.49,205
2025-10-30T01:01:30.148265,91.53,4
2025-10-30T01:01:31.148265,91.33,110
2025-10-30T01:01:32.148265,91.51,67
2025-10-30T01:01:33.148265,91.62,161
2025-10-30T01:01:34.148265,91.85,79
2025-10-30T01:01:35.148265,91.97,18
2025-10-30T01:01:36.148265,92.13,75
2025-10-30T01:01:37.148265,92.19,31
2025-10-30T01:01:38.148265,91.98,66
2025-10-30T01:01:39.148265,91.96,27
2025-10-30T01:01:40.148265,92.28,17
2025-10-30T01:01:41.148265,92.2,1
2025-10-30T01:01:42.148265,92.47,64
2025-10-30T01:01:43.148265,92.33,41
2025-10-30T01:01:44.148265,92.52,9
2025-10-30T01:01:45.148265,92.6,2
2025-10-30T01:01:46.148265,92.94,48
2025-10-30T01:01:47.148265,92.92,16
2025-10-30T01:01:48.148265,93.11,95
2025-10-30T01:01:49.148265,93.22,16
2025-10-30T01:01:50.148265,93.32,97
2025-10-30T01:01:51.148265,93.43,1
2025-10-30T01:01:52.148265,93.52,44
2025-10-30T01:01:53.148265,93.59,8
2025-10-30T01:01:54.148265,93.27,15
2025-10-30T01:01:55.148265,93.38,60
2025-10-30T01:01:56.148265,93.05,99
2025-10-30T01:01:57.148265,93.08,20
2025-10-30T01:01:58.148265,93.17,135
2025-10-30T01:01:59.148265,93.22,8
2025-10-30T01:02:00.148265,92.63,73
2025-10-30T01:02:01.148265,92.64,13
2025-10-30T01:02:02.148265,92.39,11
2025-10-30T01:02:03.148265,92.49,66
2025-10-30T01:02:04.148265,92.34,70
2025-10-30T01:02:05.148265,92.56,6
2025-10-30T01:02:06.148265,92.65,17
2025-10-30T01:02:07.148265,92.81,68
2025-10-30T01:02:08.148265,92.81,23
2025-10-30T01:02:09.148265,92.58,61
2025-10-30T01:02:10.148265,92.48,102
2025-10-30T01:02:11.148265,92.5,1
2025-10-30T01:02:12.148265,92.68,56
2025-10-30T01:02:13.148265,92.59,163
2025-10-30T01:02:14.148265,92.57,124
2025-10-30T01:02:15.148265,92.52,50
2025-10-30T01:02:16.148265,92.71,125
2025-10-30T01:02:17.148265,92.66,97
2025-10-30T01:02:18.148265,92.59,5
2025-10-30T01:02:19.148265,92.72,53
2025-10-30T01:02:20.148265,92.47,69
2025-10-30T01:02:21.148265,92.67,66
2025-10-30T01:02:22.148265,92.57,20
2025-10-30T01:02:23.148265,92.51,58
2025-10-30T01:02:24.148265,92.61,55
2025-10-30T01:02:25.148265,92.82,89
2025-10-30T01:02:26.148265,92.9,5
2025-10-30T01:02:27.148265,92.91,29
2025-10-30T01:02:28.148265,92.94,10
2025-10-30T01:02:29.148265,93.09,1
2025-10-30T01:02:30.148265,93.46,53
2025-10-30T01:02:31.148265,93.7,90
2025-10-30T01:02:32.148265,93.95,61
2025-10-30T01:02:33.148265,93.87,6
2025-10-30T01:02:34.148265,93.93,53
2025-10-30T01:02:35.148265,93.85,115
2025-10-30T01:02:36.148265,93.4,113
2025-10-30T01:02:37.148265,93.2,59
2025-10-30T01:02:38.148265,93.2,137
2025-10-30T01:02:39.148265,93.41,50
2025-10-30T01:02:40.148265,93.54,27
2025-10-30T01:02:41.148265,93.47,116
2025-10-30T01:02:42.148265,93.49,8
2025-10-30T01:02:43.148265,93.33,3
2025-10-30T01:02:44.148265,93.36,20
2025-10-30T01:02:45.148265,93.18,3
2025-10-30T01:02:46.148265,93.32,29
2025-10-30T01:02:47.148265,93.28,33
2025-10-30T01:02:48.148265,93.51,9
2025-10-30T01:02:49.148265,93.4,33
2025-10-30T01:02:50.148265,93.6,12
2025-10-30T01:02:51.148265,93.85,51
2025-10-30T01:02:52.148265,94.1,5
2025-10-30T01:02:53.148265,93.94,3
2025-10-30T01:02:54.148265,93.81,29
2025-10-30T01:02:55.148265,93.75,113
2025-10-30T01:02:56.148265,93.91,135
2025-10-30T01:02:57.148265,94.13,54
2025-10-30T01:02:58.148265,94.1,117
2025-10-30T01:02:59.148265,94.39,42
2025-10-30T01:03:00.148265,93.94,33
2025-10-30T01:03:01.148265,93.9,28
2025-10-30T01:03:02.148265,94.08,76
2025-10-30T01:03:03.148265,93.81,38
2025-10-30T01:03:04.148265,94.28,85
2025-10-30T01:03:05.148265,94.29,32
2025-10-30T01:03:06.148265,93.89,22
2025-10-30T01:03:07.148265,93.71,57
2025-10-30T01:03:08.148265,93.49,159
2025-10-30T01:03:09.148265,93.64,4
2025-10-30T01:03:10.148265,93.17,4
2025-10-30T01:03:11.148265,93.07,30
2025-10-30T01:03:12.148265,93.1,9
2025-10-30T01:03:13.148265,92.83,2
2025-10-30T01:03:14.148265,92.74,59
2025-10-30T01:03:15.148265,92.82,113
2025-10-30T01:03:16.148265,92.7,4
2025-10-30T01:03:17.148265,92.57,50
2025-10-30T01:03:18.148265,92.56,10
2025-10-30T01:03:19.148265,92.46,63
2025-10-30T01:03:20.148265,92.28,3
2025-10-30T01:03:21.148265,92.16,38
2025-10-30T01:03:22.148265,92.08,89
2025-10-30T01:03:23.148265,92.29,29
2025-10-30T01:03:24.148265,92.34,2
2025-10-30T01:03:25.148265,92.34,77
2025-10-30T01:03:26.148265,92.43,82
2025-10-30T01:03:27.148265,92.45,55
2025-10-30T01:03:28.148265,92.18,103
2025-10-30T01:03:29.148265,92.25,8
2025-10-30T01:03:30.148265,91.88,1
2025-10-30T01:03:31.148265,91.68,7
